2498 4814
142 358 204 425 146
508 349 753 455 assumto
776 370 820 418 an

186 551 462 645 Hiaroglypbioum
494 552 554 622 boo
581 554 788 621 monumentis
814 550 953 619 nondum
981 552 1203 625 confirmatur:

96 688 98 694 ’
142 666 195 737 sed
222 667 249 733 si
275 679 441 733 statuamus
459 666 692 756 Horapollinem
717 688 767 732 res
792 665 1037 733 confundentem
1049 654 1208 758 ὀοφίῑοοοθ

142 779 411 870 hieaoglypbioum
439 801 500 868 quo
527 780 628 870 prima
657 780 732 844 anni
754 793 919 869 tempestas
944 777 1103 846 indicatur
1128 778 1213 868 (sid.¹

142 894 208 962 tab.
235 907 329 962 nostr.
357 917 390 962 n.
420 893 489 979 26),
519 905 550 959 et
576 914 649 982 pro:
684 896 756 968 ἔτος
775 930 821 944 -
844 900 1030 978 γράφοντες,
1059 895 1206 978 τέταρτον

141 1009 270 1094 ᾰροορος
293 1013 477 1092 γράφουσιν,
512 1005 648 1072 seribere
676 1004 779 1095 potius
805 1005 935 1094 voluisse
962 1017 1017 1070 ant
1045 1004 1203 1071 debuisse:

144 1120 231 1194 ἕτόυο
258 1119 362 1204 τρίτον
380 1123 545 1202 γράφοντες
570 1124 704 1204 ἄρουραν
726 1124 910 1204 γράφουσιν,
934 1117 1204 1196 confirmationem

143 1229 256 1303 borum
284 1229 450 1295 verborum
475 1227 660 1295 habebimus
692 1228 725 1294 in
752 1228 838 1319 signo
867 1229 921 1295 illo
948 1229 1204 1320 hieroglyphioo,

18 1407 21 1412 .
145 1340 233 1433 quod·
256 1357 485 1432 repraesentare
511 1340 633 1409 videtur
659 1342 833 1431 portionem
851 1341 1066 1431 agitatoribus
1083 1344 1204 1410 arbori-

144 1457 240 1523 buste
260 1454 452 1523 insuuoam.
502 1454 551 1524 cf.
570 1455 719 1522 Salvolini
746 1453 872 1543 Epstt.
892 1459 963 1545 pag.
983 1460 1040 1524 30.
1067 1456 1127 1544 (⁴).

190 1569 238 1636 ne
256 1567 424 1637 Goulianof
449 1592 500 1657 op.
520 1570 574 1635 ait.
603 1590 674 1657 pag.
696 1569 739 1637 24
751 1614 761 1647 ‚
782 1570 836 1633 25.
860 1569 975 1656 rejecta
998 1568 1204 1658 Hosapollinis

145 1679 319 1770 explicandi
345 1680 484 1760 ratione,
508 1693 598 1769 putat
625 1679 794 1769 Aegyptios
819 1702 955 1761 annum,
979 1681 1043 1747 siae
1067 1695 1205 1772 quartam

145 1805 268 1884 partem
284 1792 358 1858 anni
374 1791 514 1859 Sothiaei
540 1791 691 1861 indicasse
710 1805 820 1880 quarta
842 1806 931 1882 parte
952 1796 1102 1880 ἀρούρας,
1127 1818 1204 1885 quo-

145 1901 233 1972 niam
248 1917 380 1993 utraque
393 1927 450 1969 vox
465 1905 498 1970 in
513 1904 738 1995 Aegyptiorum
754 1903 859 1994 lingua
876 1904 917 1970 ab
938 1903 1048 1972 eadem
1064 1906 1154 1974 litera
1169 1900 1219 1996 ο,

147 2018 293 2109 iaoipiat:
331 2016 474 2106 Campus
491 2015 573 2083 enim
589 2015 779 2106 Aegyptiace
797 2039 933 2097 caussa,
952 2040 1092 2108 campas
1106 2020 1206 2085 culto
1230 2001 1236 2011 ⁰

148 2153 312 2208 coenosa,
336 2133 511 2212 astrooyoa
535 2147 624 2208 vero,
648 2148 667 2191 a
694 2149 756 2216 quo
784 2143 880 2195 annus
907 2126 1072 2206 Sothiaous
1098 2150 1205 2198 nomen

148 2239 296 2329 eoaepit,'
315 2260 451 2306 emese.
501 2236 590 2321 Quod
619 2251 724 2303 autam
748 2239 916 2330 Hosapollo
940 2239 1046 2323 addit,
1079 2250 1204 2330 ἄρουραν

149 2351 308 2420 continere
335 2361 460 2415 eentum
487 2347 629 2433 cubitos,
653 2349 768 2416 iterum
786 2350 920 2441 explieat
936 2373 973 2417 ex
990 2352 1133 2421 doctrina
1156 2377 1204 2421 sut

149 2463 335 2554 ossologica':
362 2469 486 2527 easdam
503 2457 632 2550 Coptica
651 2487 726 2544 gase,
750 2445 874 2529 stabitne
892 2488 979 2542 2¹0ss
999 2465 1132 2548 dicitur,
1153 2490 1206 2534 το.

150 2575 239 2643 oibus
256 2598 274 2639 a
292 2573 381 2640 litera
400 2597 451 2651 ευ,
470 2572 690 2662 pronuntiandi
705 2574 826 2640 ratione
844 2597 863 2638 a
880 2599 905 2644 o
920 2597 984 2641 non
998 2576 1201 2670 discrepante,

151 2684 382 2775 incipientibus.
1241 2768 1243 2773 Ι

195 2796 359 2886 Seyffarth.
378 2819 448 2886 pag.
472 2798 556 2875 174,
580 2795 657 2863 fine:
676 2798 829 2885 palmam
851 2798 931 2867 Solis
950 2806 1125 2892 symbolum
1144 2821 1196 2897 pu.

150 2923 212 2991 tat3
242 2910 388 3000 quomam
405 2907 458 2974 hio
476 2908 515 2974 sit
534 2907 606 2973 anni
624 2907 776 2976 dominas.
859 2967 881 2989 x.

475 3127 479 3138 „
596 3078 701 3128 caput
724 3082 768 3131 vt.
874 3083 876 3086 ’

196 3220 250 3290 ’Ἢ
267 3220 371 3304 aiano]
420 3217 517 3286 Mero.
538 3217 572 3283 in
589 3217 726 3284 editione
745 3221 831 3308 cujus
849 3235 967 3292 textum
984 3226 1076 3303 initio
1093 3241 1193 3298 secutas

137 3319 219 3415 est,
239 3357 305 3399 *non
331 3329 481 3396 invenisse
503 3328 626 3395 videtur
643 3353 752 3411 voees,
776 3340 796 3416 ἡ·
822 3333 975 3422 ’Ἀρεοῆ
1001 3339 1195 3428 Ἀφροδίτην,

154 3461 184 3512 et
211 3445 363 3512 versiones
391 3464 494 3508 omnes
522 3441 671 3521 Latinae,
694 3455 788 3537 utet
811 3444 929 3512 Pierius
946 3449 979 3512 in
1000 3449 1117 3519 Graeco
1134 3474 1196 3520 oon·

155 3570 252 3638 textu,
272 3581 321 3624 eas
340 3555 518 3622 omiserunt.
567 3538 717 3641 Quoniam
737 3554 776 3622 de
793 3557 893 3623 Marte
911 3571 943 3625 et
951 3560 1074 3630 Venere
1087 3587 1142 3656 par
1155 3587 1199 3633 aa·

156 3669 281 3758 eipitres
304 3667 465 3748 indicatis,
484 3667 544 3732 hoo
568 3667 668 3755 capite
687 3667 767 3746 nihil
785 3669 916 3760 amplius
934 3671 1069 3760 dieitur,
1088 3680 1202 3770 ejusque
1230 3660 1243 3769 Ξ

155 3782 260 3875 prouti
286 3782 474 3870 reliquarum
499 3777 590 3869 hujus
613 3778 716 3846 atium
733 3782 893 3850 notionum
910 3787 1146 3876 explicationem
1160 3791 1205 3860 bit
1233 3792 1243 3899 ’,Ι

65 4022 73 4039 ‘
185 4016 223 4085 (⁸)
240 4017 446 4071 observationem
464 4019 530 4071 hano
549 4019 630 4070 debeo
646 4022 706 4074 Viro
724 4023 791 4076 Clar.
807 4024 933 4076 aessens.
