2498 4814
105 374 170 436 248
282 380 286 391 ’
478 364 721 435 ΔΒΝΟΤΔΤΙΟ
745 384 788 432 ru

104 570 198 650 dum,
217 580 311 657 atque
329 566 563 658 intelligendum
582 572 617 633 τὸ
635 572 757 655 ὄρνεον,
776 578 829 633 aut
845 566 945 634 simila
960 565 1058 657 quid,
1075 570 1167 636 relati

105 704 196 772 supra
223 679 263 746 ad
291 704 360 770 cap.
391 685 445 748 29.
466 705 536 771 pag.
557 686 635 749 238.
662 679 812 761 vidimus3
844 679 892 746 rel
916 679 1117 747 statuendum
1134 703 1167 746 ca

104 793 159 860 hic
175 793 392 860 adverbialiter
409 791 500 860 sumi.
548 793 617 861 Alia
636 814 684 858 res
702 804 766 872 cst,
784 792 841 857 ubi
867 792 1080 873 substantivo,
1103 814 1164 858 rem

105 908 322 998 aliqutm'per
349 928 380 972 se
408 918 576 995 spectatam
603 904 773 985 indicanti,
792 900 963 995 pronomen
981 920 1095 973 neutro
1115 927 1162 995 gc-

102 1040 178 1086 nerc
195 1017 338 1100 additur;
361 1016 400 1084 de
418 1042 481 1107 quo
503 1017 567 1107 egit
585 1018 746 1086 Stalbaum
762 1016 801 1082 ad
815 1012 894 1087 Plat.
913 1019 955 1084 dc
967 1017 1106 1110 Republ.
1121 1018 1158 1086 ll.

103 1154 173 1222 cap.
195 1136 227 1198 6.
252 1154 332 1223 pag.¹
345 1135 421 1198 363.
446 1131 491 1210 l,
516 1129 646 1219 aliisque
672 1129 759 1200 locis.
804 1127 1000 1221 (li-quoquc
1019 1129 1157 1217 Matthiae

107 1245 256 1314 (ἔντονον.
283 1243 345 1314 Gr.
364 1248 394 1332 §.
417 1247 492 1313 439.

510 1485 615 1536 CAPUT
639 1484 763 1536 mvn.

148 1698 288 1785 Οὐρανὸν
311 1694 417 1780 δρόσον
440 1693 596 1781 βάλλοντα
620 1691 819 1780 ζωγραφοῦσι]
868 1689 906 1758 ln
924 1692 1087 1782 Aegypto,
1107 1688 1149 1754 ubi

104 1807 226 1899 pluviae
240 1818 310 1872 sunt
324 1804 509 1884 rarissimae,
524 1803 558 1868 in
572 1824 677 1888 carum
694 1805 797 1871 locum
814 1803 952 1870 succedit
966 1827 1030 1884 ros,
1046 1798 1150 1894 qnando

104 1919 193 1989 Nilus
215 1941 277 1984 non
300 1917 444 1985 exundat.
479 1915 636 2007 Theophr.
661 1916 757 1985 Εἰσί.
780 1918 896 1986 Plana
921 1916 1013 1986 Vlll.
1033 1921 1065 1985 6.
1098 1913 1150 1982 ’llr

103 2034 262 2116 Αἰγύπτῳ
288 2034 341 2096 καὶ
375 2029 567 2118 Βαβυλῶνι,
601 2034 654 2097 καλ
684 2035 858 2117 Βάκτροις,
891 2032 972 2098 ὅπου
1006 2035 1047 2115 μὴ
1080 2031 1149 2096 ὕεται

103 2151 123 2227 ἡ
155 2148 259 2228 χώρα,
290 2149 312 2225 ἤ
338 2143 491 2222 σπανίως,
522 2145 556 2205 αἱ
583 2143 682 2228 δρόσοι
702 2144 738 2206 τὸ
764 2140 838 2209 ὅλον
866 2141 1070 2229 ἐκτρέφονσιν.
1111 2135 1147 2204 Gi.

101 2251 264 2320 Jablonslri
295 2253 328 2317 in
354 2251 480 2322 Pantlr.
509 2252 595 2345 Aeg.
629 2251 702 2320 Lib.
732 2251 794 2320 111.
822 2274 891 2342 cap.
921 2257 954 2322 4.
983 2256 1015 2341 §.
1047 2255 1097 2322 12.
1117 2284 1149 2302 -

105 2363 295 2454 Champoll.'
310 2365 343 2429 in
369 2365 494 2434 Panto.
513 2366 598 2457 Aeg.
630 2367 696 2434 tab.
720 2368 773 2434 15.
794 2364 849 2454 (l)
874 2364 974 2432 edidit
994 2365 1148 2455 symbolum

103 2475 155 2543 dei
174 2475 277 2544 Thoth
295 2476 505 2566 Trismcgisti,
530 2478 620 2567 quale
638 2477 671 2541 in
688 2477 831 2567 plurimis
850 2477 981 2545 aedibus
1002 2477 1148 2545 saorislc·

86 2590 284 2681 'gyptiorum
299 2589 498 2679 conspicitur:
517 2602 636 2656 constat
651 2603 756 2656 autem
771 2589 849 2656 illud
865 2575 1042 2679 symboluni
1057 2590 1146 2682 globo,

104 2703 200 2768 rubro
227 2703 329 2769 colore
358 2703 465 2792 picto,
490 2703 607 2792 alisque
634 2704 784 2769 instructo
810 2702 955 2795 deorsum
972 2704 1086 2784 versis,
1106 2723 1147 2767 ru-

103 2815 220 2903 riisque
241 2816 394 2881 coloribus
414 2814 584 2896 distinctis3
611 2815 706 2882 Uraei
726 2815 805 2896 duo,
830 2838 993 2905 supremae
1010 2811 1147 2907 potestatis

103 2926 254 3016 insignia,
278 2927 416 3016 pendent
435 2928 475 2992 ab
494 2941 627 3016 utraque
647 2940 736 3021 parte
762 2952 780 2993 a
803 2928 895 3018 globo
915 2952 974 3009 eo,
1000 2929 1032 2993 in
1053 2925 1147 3018 capiti·

103 3037 161 3103 bus
181 3038 280 3103 ornati
299 3039 444 3126 symbolis
463 3040 589 3129 imperii
607 3040 740 3131 regionis
759 3040 924 3130 superioris
942 3055 973 3108 et
993 3039 1142 3115 inferioris

103 3148 238 3240 denique
261 3151 301 3215 ab
322 3151 463 3217 inferiori
480 3153 565 3241 globi
585 3165 674 3242 parte
691 3153 882 3220 descendunt
902 3163 972 3219 tres
982 3138 1145 3245 paruortlm

102 3265 351 3355 triarzgrrlorum
377 3267 505 3344 series,
530 3265 585 3354 qui
604 3265 716 3355 singuli
735 3289 767 3331 se
793 3266 925 3332 invicem
944 3281 1089 3358 tangunt;
1110 3259 1144 3328 lis

103 3376 263 3466 triangulis
291 3376 349 3441 vir
376 3375 467 3444 Doct.
501 3390 590 3467 putat
620 3390 674 3444 aut
689 3379 806 3444 'lumen
834 3378 988 3461 indicari,
1022 3393 1075 3446 aut
1102 3394 1144 3440 ro-

100 3510 169 3553 rem
183 3512 272 3578 ,per
291 3511 384 3578 quem
404 3489 573 3555 secundur'n
593 3491 753 3580 Horapoll.
774 3493 931 3558 doctrina
949 3507 1045 3583 atque
1062 3494 1147 3557 scier

94 3604 154 3665 tia
176 3601 345 3690 significata
365 3601 446 3682 fuit,
472 3625 552 3690 quae
572 3603 670 3669 omnis
688 3601 727 3667 ad
747 3603 840 3669 deu'm
859 3604 963 3671 Thoth
982 3603 1149 3755 Trisnregis-

103 3724 171 3778 tum
197 3713 399 3783 referebatur

144 3828 184 3888 τὰ
216 3826 249 3890 δὲ
281 3826 393 3908 σκληρὰ
423 3827 625 3907 μένοντα-
580 3828 796 3896 -οἰδυνατὲἶ
815 3833 849 3893 τὸ
876 3831 950 3896 αὐτὸ
975 3831 1088 3916 ἑτέροις
1116 3832 1154 3896 λκ-

99 3935 211 4019 rateto]
261 3936 402 4001 Notanda
423 3940 625 4007 constructio:
653 3941 784 4008 ἐκτελεῖν
808 3946 843 4007 τὸ
870 3943 944 4008 αὐτὸ
967 3948 1008 4009 τὰ
1036 3943 1156 4029 σκληρὰ,

102 4049 200 4116 reluti'
219 4059 316 4117 ποιεῖν
338 4058 407 4116 τινά
429 4030 468 4115 τι.
