2484 4806
139 352 203 417 ιιι
511 337 753 410 οοοοοοτιο
778 358 822 407 n
858 309 860 314 ’

140 550 238 627 dunt,
263 565 356 635 quom
373 542 414 608 ob
432 562 498 607 rem
518 543 657 608 toramen
682 554 848 631 apparatus
874 540 974 607 iilius
1000 539 1105 632 neque
1125 545 1180 613 nin·

140 664 259 738 latum,
288 678 390 747 neque
415 656 507 720 nimis
535 668 696 744 angustum
714 675 778 720 esse
799 652 949 734 debeat,
976 667 1078 744 atque
1094 657 1183 748 itrpu

139 775 268 860 κρουνὸν
296 769 422 835 demum
448 768 645 834 continuatur
672 766 843 848 sentcntia3
868 764 917 832 ad
950 766 1010 832 illa
1029 768 1184 837 ἀπολινοιιό

141 888 287 970 κρουνὸν,
312 903 348 946 ex
375 880 582 970 superioribus
606 878 839 968 intelligendum
858 892 930 957 est:
960 882 1022 968 οὐχ
1049 885 1184 964 cymeth

142 995 344 1080 ἀναμέτρησιν
364 1002 417 1076 τῆς
436 993 515 1078 ὥρας
532 992 689 1070 ἀποτελεῖ,
716 991 820 1082 itaque
836 1015 904 1058 non
928 1015 1016 1083 opus
1036 1005 1085 1060 est
1101 1007 1184 1060 men

144 1107 287 1187 Pauwio,
306 1107 362 1181 ἕως
380 1118 534 1171 mumtnm
552 1105 587 1169 in
603 1096 711 1188 ὁμοίοις
730 1126 802 1171 cum
819 1105 1102 1195 praecedentibus
1113 1108 1184 1196 ’μορ

142 1240 222 1287 mus.
245 1255 292 1269 -
313 1219 397 1303 Οὐρόι
424 1217 464 1283 ab
483 1216 637 1304 Hesychio
656 1217 860 1306 explicaturi
887 1218 1010 1301 κέρκος
1034 1221 1092 1284 καὶ
1115 1223 1186 1284 rtet

145 1334 248 1413 ὄοῒον,
274 1352 335 1419 qua
362 1328 585 1421 significatione
612 1330 638 1394 ui
661 1330 818 1418 quiscum
842 1330 987 1396 Pauwio
1016 1342 1132 1397 statum
1150 1330 1185 1397 ri·
1226 1308 1230 1315 ¹

143 1466 202 1539 nus
220 1455 303 1508 recte
321 1465 428 1508 rocem
447 1444 532 1508 illam
549 1442 707 1531 usurpari,
732 1442 819 1531 scqni
836 1443 968 1531 poterit
989 1442 1133 1532 ejusdem
1145 1465 1185 1510 oa

141 1553 297 1646 jucturam
315 1558 475 1641 οὐρηθρας.
498 1592 544 1605 —-
567 1563 695 1640 Tpunoer
713 1554 842 1644 legimus
860 1555 979 1643 potius
1000 1577 1105 1645 quam
1120 1558 1187 1643 τρίτα,

59 1718 63 1730 .
146 1670 292 1760 quoniam
312 1665 390 1731 illud
410 1680 455 1730 est
474 1666 632 1746 usitatius3
658 1679 793 1732 attamen
819 1689 883 1732 non
899 1670 1103 1756 negaverim
1119 1671 1189 1754 κρίνα,

147 1803 255 1848 rocem
279 1779 433 1844 inferioris
460 1779 588 1872 aetatis,
612 1779 794 1869 aPhilippo
812 1780 966 1870 usurpari
986 1785 1147 1872 potuine,
1163 1804 1191 1872 qa

147 1908 179 1959 et
203 1893 271 1958 aliis
289 1893 381 1967 locis,
401 1891 528 1955 uocibus
546 1890 686 1956 barbaris
704 1895 812 1958 utitur.
860 1890 924 1960 off.
952 1893 1075 1965 Gauss.
1094 1896 1134 1962 ad
1146 1895 1193 1964 tt

146 1999 315 2073 lt’Orvilte.
336 2004 359 2072 l.
379 2003 402 2075 la
432 2016 463 2067 et
482 2003 644 2095 Prolegg.
668 2016 782 2072 nostra.
806 2041 851 2055 -
875 2005 1046 2074 Aldiuam
1064 2009 1195 2077 tectim

28 2158 31 2165 =
147 2120 327 2202 ὅιὼφραντες
368 2137 404 2180 er
435 2117 646 2203 διαπείραντες
678 2128 853 2206 corruptam
887 2130 995 2207 putat
1039 2120 1086 2188 de
1116 2122 1196 2199 Pau,

147 2227 306 2296 Ii'0rrille
324 2249 397 2294 tero
422 2227 445 2294 l.
465 2248 494 2294 c.
525 2247 560 2292 ex
586 2229 816 2314 διαφράξαντες.
837 2266 885 2281 -
905 2237 1005 2319 Πρὸς
1030 2243 1097 2320 τῆν
1116 2258 1198 2322 nm
1240 2293 1242 2324 η

148 2342 245 2425 μένην
270 2342 389 2426 χρείαν,
414 2352 459 2405 cst
480 2340 567 2428 quasi
589 2343 663 2424 πρὸς
680 2346 736 2423 τὴν
754 2343 998 2428 παρακειμένην
1020 2350 1142 2434 χρείαν,
1156 2348 1197 2413 it

145 2445 199 2518 'ad
214 2474 307 2524 usum
325 2453 466 2541 quijam
483 2455 658 2542 oppositus
675 2460 745 2532 est,
765 2452 806 2517 de
822 2475 887 2542 ριιο
894 2453 986 2540 jam
1005 2463 1198 2550 egimus
1240 2471 1242 2496 ²

139 2568 331 2654 posuimus;
365 2564 537 2652 Hesychius
568 2570 726 2651 πρόκειμαι
756 2565 886 2655 explicat
911 2548 1143 2656 xrretroceerruprn.
1172 2604 1198 2620 ·-

146 2678 282 2764 Σίδηρον
300 2690 344 2743 est
362 2681 611 2742 instrumentum
620 2679 773 2766 ferreum
784 2727 794 2758 ,
807 2678 936 2766 fistrrlc
954 2683 1115 2770 ferrea,
1136 2681 1200 2750 aelio
1241 2703 1242 2718 ³

148 2803 233 2854 recte
265 2803 422 2854 verterunt
454 2791 647 2878 interpretes.
693 2791 735 2878 (Ἴ
783 2789 1030 2876 instrumento,
1064 2795 1201 2887 quodiit

147 2902 188 2965 ab
207 2901 406 2989 Horapolline
424 2901 631 2982 describitur,
656 2903 781 2969 fortasse
808 2904 908 2969 simile
936 2920 992 2974 est
1015 2909 1124 2991 illud,
1146 2905 1201 3001 quui

120 3052 123 3058 ·
148 3037 184 3078 cx
212 3015 417 3079 monumentis
446 3014 644 3104 Aegyptiacis
673 3017 772 3081 Musei
799 3015 958 3106 Lugduno
996 3023 1138 3106 Batavi,
1166 3022 1202 3087 dc·

148 3116 303 3216 pitiximus
331 3127 363 3190 in
390 3128 455 3195 tab.
482 3141 576 3195 nostr.
595 3150 627 3194 n.
650 3133 703 3197 37.
724 3129 756 3192 in
776 3151 812 3196 eo
831 3142 935 3218 partes
955 3134 1070 3203 literis
1089 3164 1124 3207 α.
1143 3135 1202 3202 ati

150 3239 327 3320 indicatae,
353 3263 445 3306 carae
464 3254 534 3306 sunt
552 3255 583 3306 et
602 3263 700 3330 aquae
717 3241 916 3331 recipiendae
934 3245 1103 3316 inservire
1121 3264 1205 3341 potat·

150 3366 235 3434 runt3
254 3379 271 3418 a
289 3367 376 3442 parte
392 3354 554 3442 superiori,
564 3379 597 3420 ιι.
609 3378 688 3442 aqua
703 3367 770 3419 tum
785 3355 950 3424 defluxerit
967 3360 1015 3425 ad
1031 3362 1203 3439 inferiora,

150 3467 185 3544 b,
207 3488 263 3553 per
281 3467 432 3546 foramen,
449 3491 478 3547 c,
496 3468 528 3530 in
546 3467 612 3532 basi
628 3447 839 3558 cynocephali
854 3470 1030 3556 sederatis,
1050 3477 1088 3546 d.
1100 3478 1204 3543 facturn

151 3576 343 3644 Monumenti
363 3579 522 3670 longitudo
541 3593 586 3646 est
602 3581 853 3646 centimetrorum
867 3587 900 3650 9.
922 3586 1072 3658 latitudo
1086 3597 1118 3660 3.
1138 3587 1206 3656 etri

151 3687 251 3754 titudo
273 3695 325 3774 [οξ.
351 3731 395 3740 -
418 3691 576 3780 Ejusmodi
596 3693 840 3782 cynocephalum
858 3694 1064 3791 hydrologiis
1086 3705 1148 3771 suis
1165 3703 1205 3767 in

163 3869 509 3888 Μ

161 3966 163 3970 ”
181 3950 218 4019 (*)
236 3953 327 4001 Locum
345 3953 413 4002 hune
431 3955 600 4022 Horapollinie
621 3957 712 4022 adtigit
736 3974 837 4023 «meque
858 3965 884 4010 et
903 3963 1045 4028 explicare
1063 3974 1168 4022 conatus
1183 3969 1209 4017 ert

147 4047 272 4097 Geenerus
291 4047 317 4094 in
335 4045 403 4096 flur.
422 4046 508 4096 Arnim.
527 4049 579 4099 Lib.
600 4050 621 4099 1.
640 4067 696 4114 pag.
714 4050 777 4110 971,
798 4050 856 4102 972.
884 4115 886 4120 Ι
