2484 4806
148 379 212 444 240
319 383 323 391 '
381 429 385 438 .
462 429 465 437 .
517 367 760 440 honorario
784 366 829 437 m

145 533 241 668 cuens
270 518 539 664 hierogly'phicum
566 572 605 639 de
631 596 685 639 suo
700 573 815 662 potius
841 569 1045 654 addidisse,
1080 596 1183 667 quann
1225 562 1231 573 ⁸

146 688 370 780 Aegyptiorum
388 686 529 755 doctrina
547 686 671 775 petiisse
687 685 812 752 ridetur
829 684 994 775 scriptor.

553 884 660 953 error
684 883 786 934 xxxu.
842 934 846 939 ,
919 856 923 861 ’
964 895 969 899 ·

87 1066 89 1072 ·
187 1023 275 1091 Ἀπὸ
297 1027 354 1110 γὰρ
375 1030 489 1092 τούτων
512 1026 576 1091 τῶν
600 1024 691 1108 ἐτῶν]
747 1022 879 1092 Aristot.
912 1023 960 1089 de
978 1016 1094 1103 list.
1116 1025 1184 1095 Am

103 1140 106 1145 ’
143 1135 225 1220 ull„
240 1138 271 1216 1,
297 1136 341 1205 iu.
366 1136 436 1204 Vol.
455 1136 499 1204 ll.
518 1159 590 1225 pag.
613 1140 691 1203 362.
711 1136 748 1203 B.
769 1149 898 1226 tempus
918 1136 1012 1203 illud
1032 1137 1184 1206 descrihiti

143 1250 236 1330 uiris,
270 1270 349 1314 anno
378 1248 499 1314 decimo
525 1261 647 1337 quarto.
675 1286 721 1298 -
747 1249 795 1315 In
812 1270 905 1338 seqq.
936 1257 1114 1338 pro-noda
1133 1254 1186 1319 rim

143 1363 283 1447 γενέσεως
306 1360 345 1426 de
363 1363 458 1427 Pauw
476 1360 642 1451 legendum
660 1372 750 1449 putat
769 1365 821 1427 cal
842 1367 913 1451 τῶν
930 1363 1068 1430 τέκνων
1082 1365 1183 1445 roim

141 1475 245 1542 Dictio
271 1483 324 1557 τῆς
350 1479 424 1560 πρὸς
445 1479 595 1555 γυναῖκας
617 1471 1077 1561 corocos'cs,.quodammodo
1105 1473 1183 1542 delui

139 1609 229 1678 posse
250 1586 371 1652 ridetur
387 1587 456 1661 loco
475 1584 570 1653 Diod.
591 1583 655 1654 Sic.
676 1585 791 1674 quill.
814 1588 869 1652 23.
882 1609 969 1675 pap
983 1591 1070 1657 13⁷.
1082 1588 1182 1656 Was

142 1699 234 1766 dicit:
261 1703 367 1786 ἕχρητο
390 1703 448 1783 γὰρ
469 1706 536 1773 ταῖς
557 1699 605 1764 ἐπ’
628 1699 783 1783 ἅμφὸτὲρα
805 1700 996 1775 συνουσίαις
1023 1703 1183 1782 &condiret

142 1810 241 1878 Glem.
270 1812 356 1878 Alex.
389 1809 512 1879 Strom.
542 1810 603 1879 Ill.
638 1815 669 1879 7.
697 1810 767 1878 Vol.
788 1810 825 1878 .1.
860 1832 944 1900 puga
979 1818 1068 1883 537.
1097 1814 1183 1881 Pus

138 1927 326 2001 συνουσιάζει
357 1927 430 2009 πρὸς
460 1929 494 1990 τὸ
517 1929 558 2007 μὴ
585 1930 693 2011 scopos.
720 1960 766 1991 ·-.·
787 1922 941 1990 Dubitari
962 1945 1067 2015 posse
1082 1924 1183 2002 sidem,

16 2087 21 2095 ,
112 2045 118 2072 ²
138 2044 243 2103 utrum
266 2023 298 2101 iu
319 2036 383 2102 'hoc
402 2058 471 2126 cap.
497 2050 528 2102 et
555 2036 587 2101 in
614 2059 679 2126 seq.
708 2036 770 2102 sire
789 2036 968 2126 Horapollo
1001 2041 1092 2107 male
1109 2059 1185 2126 eoup

137 2149 264 2228 laverit,
283 2148 346 2213 sire
365 2147 526 2237 Philippus
544 2149 687 2238 imperite
704 2147 878 2229 addiderit3
902 2149 993 2238 quin
1014 2165 1053 2219 et
1073 2152 1134 2218 fere
1145 2172 1185 2217 oo

134 2261 267 2351 jecerim
279 2259 415 2324 'alterum
432 2258 544 2326 horum
564 2261 743 2327 festinanter
752 2274 1016 2349 ‘excerpentem,
1036 2240 1186 2355 *quacapd

136 2372 272 2438 Plinium
297 2373 440 2461 leguntur
467 2371 563 2440 Hist.
591 2373 673 2440 Nat.
702 2372 741 2440 V.
774 2377 806 2441 9.
832 2370 871 2436 de
897 2373 976 2440 Nili·
1002 2377 1185 2452 incremento,

64 2561 67 2564 ‚
137 2485 239 2551 minus
262 2498 347 2550 recte
370 2486 570 2554 intellexisse:
598 2471 742 2574 >rjustum
765 2484 1008 2552 incrementum
1030 2504 1081 2557 est
1099 2491 1186 2557 cubile

138 2620 235 2665 »rum
263 2597 416 2677 sedecim,
442 2637 487 2648 -
512 2599 545 2663 in
569 2577 734 2664 duodecim
763 2597 878 2663 cubitis
899 2597 1034 2666 famem
1055 2601 1187 2683 sentit3h

137 2709 317 2776 »tredecim
344 2711 514 2775 etiamnum
532 2711 644 2790 esurit;
672 2708 910 2798 quatuordecim
933 2713 1058 2780 cubita
1079 2715 1187 2781 hilarita-

136 2837 229 2890 »tem
246 2823 406 2903 adferunt3
429 2822 608 2912 quindecim
627 2824 841 2904 securitatem3
862 2821 1019 2890 sedecim
1039 2828 1188 2894 deltae?

63 2922 70 2935 ’
135 2935 207 3002 Jam
235 2935 260 3000 si
288 2937 468 3000 statuamus'
486 2934 684 3024 Philippum,
718 2936 780 3000 sire
812 2958 847 2999 er
879 2936 1050 3026 scriptore
1082 2943 1189 3015 uum,

134 3069 230 3136 quem
258 3047 385 3112 fortasse
411 3061 531 3113 secutus
560 3071 682 3137 quoque
708 3048 807 3113 fuerat
830 3047 979 3129 Plinius,
1008 3053 1080 3119 sire
1099 3076 1133 3118 er
1148 3054 1190 3140 ipe
1230 3083 1231 3091 ¹

74 3226 77 3231 ,
137 3159 233 3225 Plinii
254 3159 355 3239 libro,
380 3141 462 3248 apud
486 3183 517 3226 se
541 3160 697 3227 adnotasse
716 3173 870 3249 postrema
888 3161 964 3229 illa:
997 3167 1143 3232 sedecim
1156 3163 1189 3228 de

136 3274 255 3352 licias,
277 3272 325 3339 rel
345 3272 462 3338 Graece
483 3274 589 3349 δεκαέξ
609 3275 733 3356 ἡδονὴν,
758 3293 881 3361 causam
900 3272 1109 3360 videbimus,
1124 3296 1189 3367 quan

135 3385 175 3450 oh
198 3369 265 3450 rem
285 3398 389 3474 postea
408 3409 461 3450 sua
480 3408 604 3475 quoque
625 3386 745 3474 reliquo
765 3385 851 3474 operi
871 3384 1019 3467 addens,
1041 3392 1190 3482 peripsum

134 3515 298 3562 numerum
316 3498 465 3576 sedecim,
492 3503 549 3579 τὴν
571 3500 684 3581 ἡδονὴν
710 3497 878 3563 indicatam
901 3499 1006 3567 fuisse
1032 3503 1189 3594 conjecerit

135 3610 167 3674 in
187 3631 281 3695 quem
299 3633 434 3675 errorem
453 3612 657 3698 quum'semcl
676 3611 849 3689 incidisset,
869 3611 964 3677 facile
987 3617 1126 3684 ulterius
1140 3638 1191 3706 pro

136 3742 264 3811 gressus,
285 3726 403 3787 coitum
424 3725 528 3812 igitur,
548 3747 603 3813 per
622 3724 752 3789 eundem
770 3747 950 3805 numerum,
965 3729 1034 3798 ,sed
1053 3731 1103 3797 his
1117 3730 1191 3815 scrip

136 3846 220 3913 tuna,
252 3835 285 3898 in
307 3816 404 3900 sacra¹
416 3838 567 3926 scriptura
588 3861 761 3926 expressum
778 3838 870 3905 fuisse
889 3842 1103 3911 concluserit.
1141 3841 1190 3908 llo·

134 3960 281 4045 munenta
306 3962 408 4054 autem
435 3951 625 4041 Aegyptiace
650 3964 794 4023 neutrum
813 3950 928 4016 horum
951 3952 1191 4047 hieroglyphice

135 4081 203 4125 rum
227 4062 455 4131 confirmarunt.
