2484 4806
15 404 20 411 .
157 347 223 412 mc
468 331 472 340 ·
534 334 862 409 concinnem·

83 556 90 571 ·
170 574 173 579 ·
195 542 336 626 κεφαλὴν
358 544 416 627 γὰρ
436 540 498 628 ἔχει
518 540 666 627 μεγάλην]
702 540 819 607 Plinius
836 524 947 609 IIistj
957 538 1048 611 Nat.
1064 541 1146 615 VIII.
1157 550 1186 626 ὅ,

154 657 233 721 fine:
259 650 547 718 »invalidissimum
563 672 634 717 urso
648 663 745 749 caput
753 701 762 732 ‚
779 648 867 741 quod
880 652 979 718 leoni
993 653 1188 727 fortissinm

156 766 314 856 Oppianus
332 764 404 833 Lib.
424 762 485 832 111.
505 763 572 830 loco
592 763 633 828 ab
651 762 784 833 Hocsch.
803 762 963 833 laudato:

468 914 473 925 ·
564 923 596 935 -
614 897 736 970 μεγάλην
752 899 788 949 δέ
802 897 966 979 τειιῦρθην

382 985 512 1050 ’Opsecro
529 984 556 1040 δ’
578 988 739 1055 αἰγλήεντα.

93 1154 95 1158 ⁴
155 1103 193 1170 In
221 1103 329 1191 primis
355 1115 459 1168 autem
487 1115 661 1169 accuratam
690 1103 787 1169 leonis
814 1101 1080 1192 descriptionem
1107 1109 1188 1173 mmcd

155 1212 284 1281 Aaistot.
303 1212 487 1304 Phyciogo.
516 1213 638 1303 capite,
662 1213 746 1302 quod
772 1235 863 1303 supra
889 1215 1189 1300 laudavimus31s
1237 1232 1239 1237 '

155 1345 227 1391 uero
253 1325 294 1389 ab
320 1324 520 1414 Horapolline
544 1324 661 1405 differt,
695 1324 779 1414 qnod
804 1326 889 1391 leoni
920 1327 1052 1395 tribuit
1080 1335 1187 1416 πρόςυ

152 1441 409 1522 τετραγωνότερον
438 1439 492 1502 οὐκ
518 1442 601 1517 ἄγαν
627 1439 773 1518 ὀστῶδες,
796 1436 913 1504 deinde
937 1437 1061 1508 addit:
1089 1443 1188 1528 peponis

152 1547 353 1631 ὀφθαλμούς,
390 1547 561 1627 lycomede,
598 1549 634 1613 οὐ
664 1542 791 1635 σφόδραΙ
812 1548 1011 1636 περιφερεῖς,
1049 1558 1122 1619 οὔτε
1149 1559 1192 1632 ἄμ

153 1666 334 1745 προμήκεις,
366 1658 507 1740 μέγεθος,
522 1659 555 1722 δὲ
583 1658 716 1743 μέτριον.
762 1656 930 1727 Caeterum
960 1661 1103 1729 leonum
1128 1685 1195 1729 exeat·

44 1769 47 1773 ’
132 1768 328 1835 descentiae
356 1781 386 1833 et
412 1767 476 1832 irae
501 1791 519 1831 a
546 1769 644 1857 poetis
672 1769 706 1833 in
733 1770 842 1858 primis
871 1772 1011 1840 fuerunt
1040 1776 1195 1842 celebrate:

153 1880 228 1946 iudo
245 1881 352 1959 liccat.
383 1877 446 1948 od.
466 1879 494 1948 Ι.
519 1882 571 1947 16.
595 1884 647 1950 14.
673 1880 752 1948 dicit
772 1882 1026 1954 Prometheum.
1102 1886 1105 1890 ’
1129 1940 1133 1947 .

557 2029 647 2040 --
669 1991 769 2056 insani
792 1993 907 2059 leonis-
983 2041 987 2045 -
1021 2032 1026 2037 ·

387 2105 459 2168 Vim
482 2102 639 2169 stomacho
662 2106 836 2193 apposuisse
857 2114 982 2177 nostro.
1012 2163 1015 2167 .
1107 2116 1110 2121 '

132 2294 136 2302 Ι
160 2217 214 2284 Sic
240 2230 272 2282 et
299 2213 383 2305 apud
392 2215 556 2304 Virgilium
579 2214 664 2299 Aen,
685 2215 756 2283 vn.
779 2220 831 2286 15.
856 2221 935 2284 irco
949 2223 1128 2295 ,lammam
1162 2223 1203 2290 dd·

155 2329 245 2394 datur
273 2328 434 2393 Lucretius
463 2326 504 2391 dc
530 2326 612 2394 Nat.
638 2326 720 2395 Ber.
749 2327 811 2395 111.
840 2333 1070 2404 297-299..
1100 2337 1204 2402 'lecum

100 2439 103 2446 ’
153 2453 257 2506 autem
273 2438 541 2528 hieroglyphicum
562 2460 624 2504 esse
641 2445 740 2520 θυμοῦ
763 2440 911 2526 ἀμέτρου,
937 2441 1130 2536 Horapollo
1147 2449 1206 2514 dooei

155 2553 235 2618 infra
254 2551 301 2619 ΙΙ.Ι
319 2557 373 2621 38.
393 2551 433 2619 cf.
457 2572 580 2640 quoqne
599 2551 738 2644 ejusdem
754 2551 830 2617 libri
849 2575 916 2641 cap.
942 2559 1004 2625 75.

198 2667 273 2732 ὅθεν
295 2667 347 2730 καὶ
369 2668 428 2729 ὑπὸ
455 2669 509 2729 τὸν
531 2669 645 2748 θρόνον
667 2675 719 2730 τοῦ
746 2664 843 2750 Ὥρου
866 2666 1004 2743 λέοντας
1026 2673 1207 2756 ὑποτιθέασι]

155 2776 290 2841 Leonem
317 2774 400 2864 apud
419 2775 587 2864 Aegyptios
615 2773 680 2840 Soli
704 2798 824 2841 sacrum
843 2777 958 2855 fuisse,
987 2779 1093 2850 docet
1113 2785 1209 2850 Aelim

155 2887 197 2951 de
222 2887 301 2953 Nat.
332 2886 445 2953 Anien.
478 2886 515 2952 V.
547 2890 601 2952 39.
637 2884 722 2951 idem
750 2889 831 2956 ΧΠ.
856 2895 887 2955 7.
917 2888 1003 2957 dicit
1033 2897 1209 2986 Aegyptius,

155 2998 300 3086 quoniam
327 2998 450 3085 igneum
477 2998 516 3063 sit
546 2997 680 3078 animal,
703 3015 876 3092 ¹propterca
903 3000 989 3068 Solis
1027 3005 1211 3077 domicilium

145 3111 290 3175 'Leonem
318 3121 460 3196 putasse,
494 3120 524 3172 et
554 3111 625 3196 quia
637 3158 647 3189 ,
681 3133 777 3199 quum
804 3111 857 3178 Sol
885 3114 1022 3182 accedat
1041 3119 1091 3182 ad
1112 3123 1211 3211 sigum

153 3221 282 3299 Leonis,
302 3232 367 3284 tum
385 3218 585 3285 calidissimus
604 3222 642 3286 sit
656 3235 686 3287 et
702 3221 930 3292 fervidissimus.
967 3226 1104 3298 Leones
1121 3233 1213 3299 thama

153 3336 232 3401 Hori
261 3334 391 3422 subjecti
417 3347 585 3399 cernuntur
614 3335 647 3398 in
676 3335 708 3400 T
704 3338 755 3404 ab.
784 3337 923 3416 Isiaco,
958 3363 1065 3427 quam
1092 3344 1213 3410 laudavit

152 3448 313 3514 Jablonski
330 3447 453 3514 Pactu.
474 3447 559 3537 Aeg.
580 3447 623 3514 ΙΙ.
647 3453 676 3515 4.
699 3454 727 3535 §.
754 3453 805 3519 10.
825 3474 894 3539 pag.
916 3453 997 3519 219.
1042 3454 1213 3548 Champoll.

152 3561 186 3624 in
202 3559 370 3648 Descript.
392 3558 443 3626 M.
469 3559 505 3626 G.
526 3559 575 3657 X.
601 3584 671 3648 pag.
690 3565 741 3627 47.
761 3562 799 3628 Β.
820 3567 901 3643 282,
921 3586 992 3652 sqq.
1016 3580 1050 3632 et
1071 3593 1150 3660 pag.
1171 3575 1213 3636 53.

154 3669 191 3737 G.
213 3673 398 3737 311-313.
424 3673 542 3734 leonem
561 3685 649 3736 vocat
667 3674 818 3738 cindlcmc
828 3673 940 3750 Hori;
965 3675 1059 3742 idem
1081 3705 1158 3771 pag.
1172 3687 1213 3748 43.

151 3784 365 3849 B.135-144.
383 3805 439 3870 per
455 3781 532 3846 iliud
550 3784 663 3849 animal
682 3786 846 3875 significari
870 3799 957 3875 putat
979 3787 1084 3856 deum
1102 3794 1213 3871 Phaia,

150 3896 236 3983 cujus
256 3892 302 3956 rei
326 3905 430 3958 auctor
450 3919 572 3985 quoque
592 3911 636 3963 est
655 3897 775 3967 Aeliam.
796 3900 817 3966 l.
838 3922 865 3967 c.
886 3897 959 3965 ΧΙΙ.
981 3906 1016 3968 7.
1058 3913 1215 3991 Acunum

150 4008 183 4074 δέ
208 4011 268 4073 ἐστι
288 4010 322 4071 τὸ
341 4006 417 4081 ζῶον
442 4012 574 4094 ἰσχυρῶς,
600 4015 649 4075 καὶ
666 4016 806 4079 ἐντεῦθεν
827 4016 877 4077 καὶ
896 4012 1067 4099 Ἡφαίστῳ
1092 4021 1214 4100 ἀνῆψαν
