2484 4806
166 288 228 354 too
361 328 365 335 -
533 278 870 350 lurtorlrwm.
918 284 959 341 ,“

163 486 221 553 ubi
241 486 392 572 iocosioetic
412 492 443 548 et
462 485 580 570 κορώνη
593 481 767 572 significant
782 486 1066 575 oratripartee,
1083 482 1135 552 eetl
1145 486 1200 554 lm

163 597 242 664 riori
267 596 392 662 notione
419 607 603 683 usurpantur
631 593 670 659 de
696 598 768 660 varo
791 608 821 661 et
840 598 966 687 patella
998 599 1199 690 conjungent

162 707 215 801 cf.
249 707 389 798 inprimis
421 705 568 774 Valcken.
600 705 770 772 ueteres
799 729 879 798 cap·
901 714 960 777 24.
993 732 1075 799 pag.
1104 715 1202 779 met

164 819 367 887 Ruhnlcnius
391 820 423 884 in
447 819 516 909 Ep.
546 819 661 888 Οηϊίο.
686 820 823 909 ll.·pag.
845 825 899 888 67.
952 821 1078 913 Neque
1097 823 1135 888 alr
1148 826 1201 912 qu·

163 933 250 999 modi
276 932 425 999 sententia
456 931 590 998 alienum
617 953 649 997 se
674 952 739 998 esse
765 931 845 998 milri
870 931 1036 1000 indicarit
1067 933 1117 1002 cl.
1134 936 1201 1014 llas,

165 1046 220 1135 qui
244 1051 400 1112 »seusus’'
430 1043 531 1133 inquit
558 1064 650 1109 »esse
674 1056 775 1133 potest
793 1067 904 1110 comrc
925 1069 1029 1136 pater
1046 1042 1202 1122 'amasiam

165 1162 310 1242 »κορώνη
340 1169 385 1222 est
411 1156 573 1236 amuleto,
603 1169 666 1221 tam
694 1155 776 1245 apud
802 1156 933 1226 Peuma.
963 1159 1031 1228 IX.
1061 1164 1119 1227 3⁷.
1136 1180 1203 1249 qm

165 1268 277 1360 »apud
298 1270 468 1336 Homerum
491 1269 592 1359 ipsum
617 1267 733 1357 Odpoc.
754 1275 794 1335 Φ.
815 1272 896 1349 138,
923 1273 1007 1340 166.
1032 1272 1118 1362 quid
1132 1284 1205 1338 anu

165 1405 249 1474 »per
263 1385 381 1449 mnata·
392 1380 624 1447 similitudinem
638 1380 692 1446 hie
706 1381 894 1471 significetur
901 1430 910 1462 ,
921 1378 1017 1449 baud
1030 1385 1204 1452 abactam·

209 1494 388 1561 versionem
416 1493 694 1583 quam-proposuit
717 1491 912 1573 Boeclhius,
939 1494 1015 1582 jam
1032 1497 1207 1564 ‘indicaret

163 1609 319 1676 lllercerus
338 1607 472 1692 innota,
492 1603 546 1670 sod
565 1626 673 1670 rocem
691 1609 794 1689 κορὶ,
808 1609 992 1687 cornicem,
1016 1609 1044 1676 i.
1058 1633 1091 1679 e.
1104 1609 1206 1701 puolo}

164 1717 440 1806 tiomterplicans3
458 1717 559 1782 illam
585 1730 687 1782 tamen
713 1716 950 1805 explicationem
978 1742 1052 1792 non
1077 1744 1138 1812 pro
1161 1740 1208 1787 rar

47 1903 50 1911 ,
164 1830 322 1898 adsumsit.
341 1867 391 1885 -
405 1828 506 1896 Statni
525 1850 648 1918 quoque
666 1829 792 1894 fortasse
810 1840 932 1918 potest,
958 1835 1128 1922 majorem
1144 1831 1209 1922 εἰμ’

152 1944 338 2011 'ficationem
353 1944 387 2007 in
402 1941 450 2007 his
464 1932 592 2007 roribus
606 1965 624 2005 a
640 1940 766 2007 Graecis
780 1940 1009 2030 posterioribus
1026 1945 1132 2013 fuisse
1144 1964 1210 2036 qum

59 2062 63 2070 '
132 2137 135 2142 .
163 2058 270 2137 sitam,
285 2077 378 2146 quam
393 2055 432 2120 ab
447 2054 578 2120 initiuin
595 2050 633 2118 iis
643 2054 749 2134 inerit3
765 2074 861 2142 quum
876 2066 940 2120 tota
948 2054 1066 2124 dictio
1082 2059 1211 2149 'origin

161 2169 276 2236 habere
299 2167 435 2258 potnerit
458 2167 499 2233 ab
517 2166 841 2255 acclamationesque
859 2167 1004 2235 cornices
1017 2184 1211 2261 patercule,

41 2280 49 2359 J
161 2283 205 2349 ita
228 2293 264 2345 ut
282 2302 355 2345 sono
375 2281 513 2363 ἔκκορί.
537 2281 628 2363 κορί.
652 2280 754 2366 ipsum
782 2277 913 2344 cornicis
931 2284 1104 2350 crocitnm
1124 2279 1212 2351 inibi

40 2470 43 2477 ,
161 2393 288 2462 fuerint.
343 2389 432 2476 Quod
455 2389 588 2480 deniquo
611 2388 652 2457 de
674 2390 768 2456 Pauw
788 2413 845 2480 pro
871 2393 1070 2471 ἀγνοοῦντες
1097 2395 1213 2462 mrito

161 2507 237 2573 dum
253 2517 342 2595 putat
360 2507 550 2583 εὐνοοῦντες,
572 2525 635 2568 non
653 2526 730 2593 opus
746 2524 809 2569 esse
826 2501 967 2585 ridetur3
993 2507 1157 2595 quoniam
1170 2520 1212 2573 aa·
1235 2498 1237 2519 '

159 2621 207 2688 tui
225 2617 336 2710 possit,
361 2629 501 2705 tempore
518 2615 744 2704 Horapollinis,
760 2615 858 2704 ‘hujus
872 2616 1124 2687 consuetudinis
1142 2618 1214 2708 oripi

158 2753 232 2798 nem
259 2729 383 2796 Graecis
399 2750 470 2793 non
498 2728 628 2816 amplius
654 2728 746 2793 fuisse
773 2728 937 2816 cognitam.
971 2764 1025 2780 -·
1060 2729 1214 2813 &morou

159 2840 243 2934 apud
262 2842 415 2907 Romanos
435 2860 567 2929 quoque·
576 2839 711 2905 cornices
729 2862 832 2906 sacrae
849 2840 997 2920 fuenmt,
1025 2829 1070 2909 m'
1084 2864 1125 2910 er
1142 2846 1213 2912 rac·

158 2955 332 3045 colligitur,
372 2952 427 3041 qni
470 2949 742 3018 »comiscarum''
784 2953 885 3042 inquit
923 2950 1111 3021 >mirarum
1146 2957 1214 3023 locu

160 3078 355 3134 »eruturus
375 3064 514 3130 Tiberim
544 3064 719 3130 cornicibus
747 3064 884 3145 dicatus,
915 3062 1002 3152 quod
1018 3067 1068 3132 ·in
1094 3067 1213 3135 Juuom

159 3179 284 3247 »tutela
303 3200 366 3244 esse
379 3176 602 3268 putabantur.''
644 3176 741 3244 Causa
765 3178 867 3268 potius
883 3174 1009 3242 ridetur
1028 3179 1133 3248 fuisse
1150 3200 1212 3248 con·

157 3290 262 3361 cordia
278 3290 389 3357 harum
407 3289 526 3370 auum,
544 3304 730 3379 mutuusque
747 3290 780 3356 in
797 3291 939 3379 conjugio
958 3311 1071 3373 amor,
1092 3308 1131 3361 ut
1143 3304 1212 3360 rorte

155 3406 275 3473 monuit
294 3402 397 3472 Gauss.
556 3454 561 3461 »

203 3516 292 3602 Quod
316 3515 355 3582 ad
376 3515 511 3607 priorem
529 3514 618 3605 hujus
637 3516 745 3604 capitis
762 3526 899 3603 partem,
919 3509 1094 3602 Seyffanh.
1122 3542 1172 3609 op,
1189 3538 1210 3582 c.

155 3651 226 3719 pag.
260 3630 339 3708 163,
372 3627 456 3715 med.
487 3640 576 3717 putat
605 3627 836 3716 Horapollincm
865 3624 1013 3693 hocloco
1035 3629 1211 3720 accipitrem

156 3754 188 3807 et
213 3741 365 3807 vulturem
394 3739 582 3821 confudisse3
613 3739 697 3805 hunc
720 3739 804 3804 enim
828 3737 998 3805 secuudum
1020 3734 1210 3833 astrologiam

155 3851 398 3943 Aegyptiorum,
415 3853 546 3921 Martem
564 3851 742 3942 planetam,
767 3864 798 3920 et
812 3850 965 3917 Venerem
984 3828 1153 3968 Uraniam'
1167 3850 1209 3940 (ll

154 3977 272 4033 notare.
