2484 4806
158 317 222 381 204
395 334 399 347 ·
529 309 841 389 atterutrum

155 516 259 584 tuisse.
293 551 338 565 -
375 512 461 597 Quae
488 525 657 601 sequuntur
684 519 825 600 καθάπερ
853 515 912 579 stul
945 516 982 581 οἱ
1009 519 1096 603 irptic
1119 515 1186 605 [δή]

156 628 338 717 interpretes
364 622 582 692 reddiderunt:
608 624 710 688 veluti
737 632 769 689 et
795 627 942 689 artemi
958 625 1190 707 ‚sacerdotem

125 820 128 825 .
154 752 240 806 recte
263 737 303 804 de
325 738 420 803 Pauvv
447 735 639 816 observavit,
672 736 724 801 illa
749 748 859 825 aptum
890 758 1031 807 sensum
1048 760 1115 805 nou
1135 760 1190 829 pe·

156 854 250 920 bere:
283 851 308 916 si
344 849 428 915 enim
461 848 671 937 intelligantur
704 846 879 943 sacerdotes
906 863 1007 916 extra
1034 854 1190 942 ΑΨ,

155 964 212 1031 hos
228 964 268 1029 ab
288 985 340 1030 esu
358 960 490 1051 piscium
508 960 675 1026 obtinuisse
692 959 816 1026 aliunde
834 984 902 1028 non
932 975 1088 1044 constat,
1102 963 1191 1031 imos

156 1090 316 1167 tempore,
341 1095 403 1163 quo
426 1072 579 1162 hocopus
597 1072 746 1161 scriptum
764 1073 856 1140 fuisse
875 1074 1039 1160 ridetur,
1064 1075 1191 1145 neuim

150 1186 328 1256 Christiani
354 1185 493 1276 piscibus
519 1185 553 1249 in
579 1185 688 1274 primis
715 1184 943 1267 vescebantur3
983 1187 1100 1278 itaque
1119 1189 1192 1257 luth

156 1298 231 1364 dum
259 1300 384 1366 fortasse
412 1320 484 1364 cum
505 1298 630 1363 Pauwio
640 1346 651 1379 ,
674 1309 745 1387 post
766 1301 850 1384 ἱερεῖς
868 1296 1120 1369 distinctionem
1132 1302 1192 1391 urie

153 1402 222 1478 rein
239 1433 303 1478 esse
319 1408 504 1501 ponendam.
552 1410 618 1476 Vox
639 1415 723 1486 lardo
750 1410 794 1476 ita
819 1432 893 1476 cum
917 1414 1192 1503 sequentibuscu·

149 1528 269 1616 juncta,
284 1522 440 1614 quomodo
453 1536 538 1589 recte
554 1522 722 1613 explicetur
734 1545 796 1589 non
809 1521 902 1588 video
911 1548 931 1606 3,
944 1528 1112 1594 sententia
1125 1540 1192 1606 care,

150 1638 250 1704 veluti
285 1635 454 1703 observavit
482 1633 522 1701 de
537 1636 653 1716 Pacu,
669 1648 763 1711 ,recte
790 1657 855 1702 sese
874 1635 1046 1721 haberet,
1082 1639 1194 1707 siret

154 1763 240 1817 retur
260 1757 463 1840 praeterea,
487 1747 542 1814 sed
560 1748 742 1839 significatio
756 1748 817 1830 iata
834 1770 894 1815 usu
911 1771 986 1816 non
1004 1751 1194 1841 probarunt

154 1884 218 1953 quo
243 1862 345 1927 minus
364 1884 422 1951 pro
448 1883 486 1928 co
511 1862 647 1950 legamus
664 1863 709 1927 ἔτι
730 1887 764 1926 τε
786 1860 834 1925 vel
855 1862 903 1953 i'rr
922 1862 965 1928 δὲ
990 1868 1050 1929 καὶ
1063 1862 1196 1955 (quodi

153 1996 301 2064 usurpare
326 1974 402 2040 solet
426 1972 607 2062 Philippus,
636 1984 672 2038 ut
687 1969 819 2038 vidimus
838 1969 890 2039 ad.
911 1975 1028 2062 princ.
1049 1974 1197 2067 hujuscp

116 2106 118 2110 ·
154 2085 299 2178 quodque
317 2085 372 2152 hic
391 2086 484 2152 etiam
504 2107 568 2152 esse
585 2082 749 2174 legandum
768 2084 913 2172 conjiciat
932 2086 1078 2178 aliquis)
1102 2086 1198 2180 irnpd

153 2203 187 2265 el
209 2196 287 2263 illud
304 2209 373 2287 post
390 2206 535 2277 γεννᾶται
557 2197 711 2286 positum;
734 2193 906 2285 eademque
924 2211 980 2266 est
999 2221 1120 2285 musa,
1139 2222 1199 2292 qu

150 2310 194 2376 ob
212 2300 279 2375 rem
297 2309 455 2376 Pauwium
474 2330 531 2397 pro
551 2313 635 2384 ἐκτὸς
654 2309 858 2399 corrigentem
869 2310 986 2392 αὐτὸς,
1014 2334 1087 2379 nou
1103 2335 1200 2405 mque

148 2420 229 2487 ‘dum
246 2436 400 2512 putemus.
448 2423 525 2490 Tota
550 2444 607 2489 vox
633 2418 979 2502 omittendavidctur,
1008 2429 1199 2497 ortulum

152 2555 189 2600 er
215 2535 276 2600 alia
302 2533 436 2624 quadam
462 2534 611 2603 lectiones
647 2542 785 2619 καθάπερ
808 2537 861 2599 καὶ
889 2537 920 2599 oi
948 2538 990 2603 ἐν
1025 2547 1099 2616 τοῖς
1126 2545 1200 2628 iaris,

152 2659 206 2713 eat
223 2647 327 2714 simili.
377 2645 542 2714 Caeterum
565 2645 774 2713 sacerdotibus
791 2644 1032 2736 Acgyptiorum
1058 2650 1199 2719 inimic

152 2757 318 2825 terdictum
345 2773 380 2827 ut
407 2783 447 2825 ne
474 2772 668 2826 vescerentur
695 2757 847 2848 piscibus,
870 2756 1063 2830 videbimus
1089 2757 1200 2830 inirrrl

153 2890 221 2958 cap.
247 2873 300 2938 44.
325 2870 415 2960 hujus
438 2872 522 2940 libri.

195 2986 341 3062 recreant
361 3010 392 3050 τε
413 2968 675 3071 περιτετμημένός]
725 2982 984 3052 Circumcidendi
1015 2989 1122 3056 ritum
1141 2983 1200 3079 apd

146 3093 320 3184 'Aegyptios
347 3094 379 3158 in
407 3118 463 3161 usu
492 3097 584 3162 fuisse
612 3095 724 3163 docent
752 3095 867 3164 Herod.
891 3095 941 3164 ΙΙ.
974 3104 1047 3181 36,
1083 3115 1118 3169 ct
1146 3102 1197 3167 llll.

146 3204 246 3274 Diod.
275 3205 339 3272 Sic.
367 3205 427 3275 111.
458 3212 520 3288 32,
545 3209 617 3276 fine.
664 3208 810 3277 Weseel.
838 3211 1027 3303 pugni-98,
1054 3213 1104 3285 in.
1131 3210 1200 3280 Pbdt

149 3316 285 3384 Judacus
305 3318 336 3382 in
357 3317 437 3384 libro
455 3319 794 3404 περὶἝπιτομῆς.
841 3322 1022 3410 Praecipue
1041 3338 1150 3393 tamen
1163 3346 1199 3390 ee·

146 3450 218 3494 rum
237 3429 407 3496 sacerdotes
424 3429 506 3497 hunc
523 3432 618 3498 ritum
642 3432 856 3499 observabant.
904 3431 964 3501 ctt.
1000 3459 1085 3526 quos
1113 3435 1199 3503 citarit

146 3539 308 3607 Jablonslri
335 3542 459 3611 Patella.
490 3544 575 3635 Aeg.
604 3545 742 3635 Prolegg.
772 3568 843 3635 pag.
873 3545 960 3613 XIV.
1021 3543 1198 3616 cucumelli

146 3646 289 3719 debuisse
314 3653 457 3721 videntur
485 3657 669 3746 omnesqui
695 3657 848 3746 mysteriis
877 3657 1020 3742 initiari,
1053 3656 1195 3754 atquerd

146 3764 305 3831 interiores
333 3767 522 3833 sacerdotum
548 3768 700 3836 doctrinas
718 3769 844 3835 admitti
861 3769 997 3853 vellent3
1026 3773 1127 3864 idque
1141 3795 1195 3865 pue

144 3896 212 3942 sum
240 3878 332 3944 fuisse
358 3879 561 3970 Pythagoram
591 3896 691 3948 namot
712 3880 810 3948 Clcm.
832 3882 919 3949 Alex.
946 3880 1194 3959 Strom.l.15,

143 3988 188 4056 in.
208 3987 277 4054 Ed.
296 3990 422 4057 Potter.
443 4016 513 4081 pag.
534 3998 615 4072 354,
641 3995 711 4061 linc.
762 3993 820 4061 Gli.
840 3993 957 4075 ctiam,
984 4021 1068 4087 quos
1085 3998 1124 4065 ad
1141 3996 1192 4064 lle
