2498 4814
157 354 218 431 112
454 372 457 377 ’
518 350 761 425 inanimo
784 373 828 423 cn

152 586 224 634 rum
248 558 492 650 computatione:
527 555 631 623 altera·
657 558 915 641 emeterium,
951 559 1118 628 adamam
1149 567 1213 633 sire

153 696 312 745 armornm
338 673 422 751 Bai,
455 669 654 735 efficientium
680 670 844 760 periodum
870 693 1020 740 annorum
1051 690 1209 765 quatuor;

134 791 249 866 ,altera
266 806 415 853 annorum
434 782 664 863 communium,
690 804 765 871 quos
792 783 996 871 quadrantes
1011 790 1212 871 vocaverint,

153 914 260 992 utpote
292 910 431 988 quartam
460 908 580 985 partem
606 916 766 960 annorum
789 895 1058 968 necuciantes.
1106 901 1213 968 Scali-

153 1037 208 1106 qer
226 1012 287 1079 alio
308 1011 377 1076 loco
401 1007 585 1099 (Isagogic.
609 1006 784 1075 canam.
810 1031 880 1098 paq.
903 1013 988 1090 243,
1021 1012 1116 1100 244.)
1150 1027 1213 1079 m.

154 1127 214 1194 tuit
253 1119 423 1191 sacerdotes
459 1119 680 1209 Aegyptiorum
717 1115 879 1209 quolannis
913 1123 1108 1190 intercalasse
1148 1123 1212 1193 diei

155 1250 297 1330 quartam
314 1246 453 1328 partem,
472 1232 708 1322 itaque-annum
723 1253 806 1298 nuno
820 1256 838 1298 a
852 1256 995 1324 vespera,
1009 1258 1094 1304 nnnc
1108 1260 1128 1303 a
1143 1256 1212 1304 rne-

154 1349 207 1416 dia
219 1361 322 1428 nocte,
339 1346 413 1413 alias
426 1368 444 1411 a
457 1365 560 1424 manc,
577 1343 651 1410 alias
666 1367 684 1408 a
702 1344 835 1412 meridia
853 1345 1032 1413 inchoatam
1047 1348 1153 1420 inisse.
1164 1389 1212 1404 -

155 1462 297 1531 (latterer
321 1459 356 1524 in
380 1456 638 1525 Adamdrnla'ooe
658 1455 897 1548 Chronologiac
919 1458 962 1547 (⁴)
986 1484 1060 1551 pag.
1076 1463 1155 1532 233.
1173 1485 1212 1530 ex

154 1573 265 1642 eodem
292 1567 422 1640 Diodori
448 1569 537 1649 loco,
570 1568 640 1638 coll.
676 1567 835 1636 Strabonis
870 1570 973 1640 XVII.
999 1596 1071 1665 paq.
1103 1578 1208 1658 11⁷1,

154 1702 186 1756 et
203 1688 270 1777 ipso
285 1683 345 1749 hoc
362 1680 464 1771 capite
481 1673 706 1770 Horapollinis,
731 1680 925 1748 statuendum
946 1697 1055 1774 putat,
1081 1687 1210 1778 Aegyp-

154 1801 213 1868 tios
229 1808 339 1887 quarto
355 1814 480 1884 quoque
496 1808 575 1858 anno
594 1814 690 1858 unum
707 1791 791 1859 diem
809 1794 1011 1865 intercalasse
1035 1829 1083 1851 -·
1111 1796 1210 1865 Bain-

155 1910 313 2001 hridgins‚
349 1905 498 1976 cantent.
531 1914 601 1996 paq,
638 1909 701 1987 26,
731 1905 778 1974 lle
803 1908 834 1972 ln
858 1907 981 1990 Nauae,
1006 1908 1046 1974 'in
1066 1912 1209 1980 >tractatu

155 2022 273 2093 Gallice
289 2019 419 2109 scripto,
435 2016 594 2088 Historia
615 2016 815 2087 calendarii
818 2019 1024 2112 Aegyptiaci
1031 2014 1208 2110 (commcn-

156 2134 241 2204 tariis
275 2131 382 2201 Acnd.
418 2123 581 2223 Inscript.
614 2129 702 2201 Tom.
730 2129 815 2200 xit.
838 2150 921 2223 paq.
949 2125 1208 2227 3dl.·insert0)‚

107 2272 110 2279 ·
155 2234 279 2316 mirre
304 2243 338 2308 in
367 2243 527 2334 Opmiud
546 2242 710 2312 Omnibus.
734 2243 822 2312 Tom.
839 2244 879 2314 X.
902 2264 974 2336 pag.
994 2248 1048 2318 36.
1073 2261 1208 2319 statuunt

157 2357 324 2450 Aegyptios
347 2378 504 2445 usurpasse
529 2378 648 2421 animm
672 2379 792 2447 cognom
804 2405 813 2435 ,
826 2357 1003 2424 secundum
1022 2380 1117 2448 quem
1134 2351 1207 2456 festa

156 2480 188 2539 et
212 2490 296 2538 sacra
322 2466 554 2548 ordinarentur3
588 2481 619 2534 et
645 2476 767 2534 certum
791 2475 884 2562 atque
909 2472 1101 2538 immobilem
1125 2475 1208 2540 inci-

155 2583 296 2676 pientem
318 2581 359 2667 ab
384 2593 491 2647 exorna
515 2576 611 2661 Sirii,
649 2576 816 2647 meandum
842 2601 936 2673 quem
961 2604 1053 2674 opera
1082 2585 1208 2677 agrestia

156 2695 396 2764 instituerentur.
415 2732 460 2745 -
478 2690 592 2759 Contra
609 2693 723 2783 anuy
739 2706 827 2784 putat
849 2693 1035 2786 Aegyptios,
1059 2694 1208 2767 Herodoti

157 2821 190 2875 et
205 2806 339 2875 Platonis
364 2819 483 2886 aetate,
507 2819 539 2873 et
563 2787 660 2894 usque
686 2802 725 2870 ad
747 2804 911 2873 Saeculum
928 2808 985 2877 rt.
1009 2823 1083 2876 anto
1101 2808 1209 2878 chrisa·

156 2933 243 2999 tum,
280 2917 484 2984 differentiam
508 2916 660 3008 ignorasse
683 2938 804 2983 annum
827 2938 946 3010 ongum
970 2916 1053 2986 inter
1080 2933 1112 2989 et
1137 2942 1209 2989 eer-

157 3041 235 3099 tum.
266 3069 312 3082 -
342 3028 533 3101 Larcherin
563 3029 682 3097 Uomm.
709 3028 749 3095 de
773 3030 963 3112 Phoens'ce,·
986 3032 1101 3100 inserto
1128 3034 1209 3126 Opp.

157 3142 272 3211 Inett't.
291 3142 375 3230 leeg.
394 3141 520 3208 Frons.
547 3140 724 3230 quadrantis
746 3140 828 3208 illius
844 3141 909 3209 dici
928 3143 1208 3229 intercalationem,

157 3257 214 3324 sub
232 3255 407 3349 Ptolemaeo
423 3253 625 3344 Philadelpho
641 3250 685 3320 ab'
699 3253 1122 3326 Astronomis··ilerandrinis
1147 3273 1208 3327 sta-

157 3368 219 3436 tuit
242 3368 334 3435 iuissc
356 3366 523 3435 inventam.
546 3405 592 3418 -
614 3367 732 3433 Horum
759 3356 897 3435 omnium
924 3360 1122 3460 opinionibus
1136 3356 1209 3439 sese

157 3481 298 3571 opposuit
314 3476 416 3549 ldeler
433 3480 592 3570 inopere,
612 3477 694 3570 quod
711 3480 830 3570 saepius
843 3480 1049 3566 laudavimus,
1065 3462 1207 3554 Esaias.

161 3591 283 3662 caron.
301 3593 411 3661 Mart.
430 3602 461 3658 et
480 3593 596 3661 Techn.
630 3593 699 3660 Vol.
717 3592 745 3660 Ι.
763 3614 839 3682 pag.
861 3597 1052 3680 127-140,
1071 3597 1107 3664 in
1128 3599 1209 3688 ejus·

158 3703 230 3796 dem
253 3706 352 3796 operis
380 3705 573 3796 Compendio
591 3705 641 3792 (†)
664 3726 735 3796 paq.
757 3710 819 3787 52,
844 3731 912 3798 sqq.
940 3723 973 3777 et
997 3709 1150 3804 inopere
1171 3710 1208 3778 de

185 3961 224 4033 (⁸)
247 3964 339 4015 atsto
355 3968 401 4016 der
421 3968 602 4034 Chronoloqia.
638 3932 754 4045 Gtitting.
776 3964 851 4020 1777.

185 4053 226 4126 (1)
243 4056 380 4110 satanas
396 4060 444 4111 der
463 4060 646 4127 Cironoloqie,
676 4060 771 4114 naun.
790 4056 867 4114 1831.
972 4066 976 4073 ’
