2498 4814
300 374 611 461 nontromrms
634 354 834 444 nrnnoor..
881 374 910 443 1.
938 379 990 444 rs.
1103 346 1169 443 '19³

96 586 295 672 βοσκήμασιν
314 582 456 663 ἐσομένας
474 583 722 666 προσημαίνουσι.
758 578 873 648 Euseb.
889 578 1016 669 Praep.
1033 578 1171 669 Euorrg.

104 691 172 759 ΠΙ.
191 694 234 770 4,
258 702 327 781 post
348 688 393 759 in.
418 693 466 757 διὸ
494 695 547 757 καὶ
572 698 676 774 μόνοις
696 700 758 766 ταῖς
782 698 901 777 ἄστροις
925 696 982 774 τὴν
1005 696 1068 758 τῶν
1090 691 1170 757 ὅλων

111 805 290 884 ἀνετίθεσαν
323 804 446 883 αἰτίαν,
477 807 517 868 τὰ
544 810 647 870 πάντα
684 804 862 887 εἱμαρμένης
880 786 1085 879 ιἐξάπτοντες,
1119 806 1172 867 καὶ

115 924 164 997 τῆς
184 919 247 983 τῶν
268 920 386 1000 ἄστρων
414 918 557 996 κινήσεώς
578 940 610 980 τε
625 894 690 979 ’καὶ
716 922 810 1000 φορᾶς
831 914 930 1000 ,ὥςπερ
957 914 1062 997 ἀμέλει
1084 913 1172 988 eicite

117 1029 163 1090 acl
182 1032 237 1095 νῦν
258 1026 313 1108 ἥδε
333 1025 406 1111 παρ’
428 1026 531 1101 αὐτοῖς
552 1032 732 1110 κεκράτηκεν
752 1034 772 1111 η
793 1028 878 1102 δόξα.

157 1138 243 1203 πέντε
264 1140 353 1219 μόνον
375 1139 408 1213 ἐξ
429 1139 533 1204 αὐτῶν
555 1139 741 1224 κινούμεναι]
788 1139 914 1203 Praeter
930 1137 1075 1216 Terram,
1100 1159 1170 1226 sep-

124 1249 337 1338 teu·planetas
365 1261 481 1316 veteres
501 1246 687 1318 'numerant
745 1247 874 1316 Goelmn
902 1249 1004 1338 ipsum
1031 1248 1171 1315 infinitae

125 1358 331 1451 magnitudinis
356 1361 483 1451 globum
509 1360 680 1450 putabant,
710 1383 728 1425 a
754 1362 860 1427 multis
885 1350 1040 1427 summum
1068 1363 1172 1428 Ileum

128 1487 271 1554 vocatum,
293 1472 357 1561 (eff.
384 1495 461 1562 qnos
485 1473 519 1538 in
542 1472 646 1541 adnot.
667 1474 769 1563 prima
786 1473 826 1538 ad
843 1473 876 1540 h.
897 1497 966 1563 cap.
987 1475 1169 1554 citavimus,

131 1595 160 1649 et
175 1584 347 1653 Macrobius
374 1589 411 1649 in
439 1581 550 1654 Some.
580 1584 763 1677 Scipionis.
794 1586 820 1654 l.
852 1590 911 1667 17,
935 1585 1016 1674 im),
1046 1587 1080 1651 in
1109 1610 1172 1676 quo

127 1694 302 1783 pbncurum
330 1698 540 1765 conversiones
566 1698 686 1767 fierent.
740 1698 804 1765 Ubi
830 1697 869 1762 de
895 1711 1013 1788 septem
1040 1697 1172 1788 planetis

128 1803 276 1898 loquuntur
300 1809 398 1901 (quod
416 1810 532 1877 faciunt
550 1812 602 1881 vb.
627 1834 655 1878 c.
691 1810 809 1883 Aristot
828 1810 868 1876 de
885 1811 1025 1879 inundo.
1046 1832 1116 1899 cap.
1136 1816 1183 1880 2..

130 1912 185 1988 vot.
199 1921 225 1990 I.
249 1946 323 2013 pag.
344 1927 420 1990 847.
446 1920 484 1989 Ε.
507 1947 552 2012 sq.
577 1921 735 1990 Plutarch.
755 1923 796 1987 de
814 1921 865 1990 Is.
885 1931 918 1987 et
940 1921 996 1991 Os.
1017 1945 1087 2012 cap.
1109 1929 1169 2003 48,

131 2028 166 2115 it.
192 2058 261 2125 pag.
292 2040 370 2104 370.
395 2033 433 2104 G.
456 2035 498 2104 Il.
548 2033 646 2103 Glem.
675 2035 762 2103 Alex.
792 2033 917 2102 Strom.
939 2034 995 2102 VI.
1020 2058 1091 2125 cap.
1116 2038 1169 2105 16.

131 2138 225 2213 Plinius
238 2144 337 2216 Iler.
357 2145 440 2217 Nar.
456 2146 500 2215 II.
513 2150 546 2214 6.
580 2146 704 2215 Servius
724 2145 764 2211 ad
779 2146 819 2211 V
815 2150 885 2238 irg.
901 2146 986 2215 Aen.
998 2148 1058 2216 III.
1076 2150 1170 2236 284.)

131 2252 213 2325 solen
239 2272 273 2325 et
301 2259 423 2326 Lunam
452 2260 485 2325 in
509 2280 616 2325 eorum
634 2259 865 2326 enumeratione
882 2259 1168 2350 comprehendunt3

134 2368 176 2435 dii
192 2393 260 2439 vero
278 2369 337 2439 bos
354 2372 436 2438 inter
454 2373 591 2461 planetas
610 2396 672 2438 non
693 2386 863 2441 recensent.
890 2372 972 2445 ‚ott
992 2372 1085 2441 Diod.
1105 2374 1171 2441 Sic.

81 2562 83 2567 Ι
132 2476 166 2551 ll.
183 2489 233 2554 30.
256 2507 330 2574 pag.
353 2487 427 2554 143.
453 2484 601 2552 Wessel.
651 2483 718 2565 Cic.
749 2485 788 2550 de
816 2486 897 2552 Nat.
925 2485 1027 2553 Deor.
1053 2484 1080 2553 Ι.
1108 2489 1170 2566 13,

81 2628 84 2673 3
135 2594 197 2664 med.
220 2595 279 2663 ubi
304 2597 444 2686 loquitur
461 2595 501 2661 de
521 2597 615 2663 stellis
633 2597 737 2687 vagis,
763 2599 876 2686 quibus
892 2599 996 2686 jungit
1018 2596 1123 2665 Solem
1141 2610 1173 2663 et

134 2700 248 2790 imam
274 2708 317 2777 cf.
337 2721 368 2774 et
387 2707 431 2776 ll.
453 2713 508 2791 20.
532 2713 562 2796 §.
584 2710 643 2778 51:
677 2707 785 2776 »Solis
804 2722 835 2776 et
855 2710 961 2775 Lunae
981 2721 1012 2773 et
1031 2709 1172 2798 quinque

138 2822 314 2891 amandum
326 2858 382 2913 .*''
403 2834 450 2887 est
468 2822 549 2886 facta
567 2821 764 2888 conversio.''
811 2820 860 2887 lta
885 2842 1009 2908 quoque
1033 2820 1173 2910 Hyginus

138 2924 223 3015 Ltl,
243 2933 358 2999 lineet
376 2931 445 3014 111,
469 2934 542 3001 line.
568 2946 599 2998 et
621 2934 757 3027 quinque
769 2916 870 2999 *etiam
888 2945 1048 2998 recensent
1067 2931 1174 2997 Ptole-

139 3058 217 3111 Νῦσα
235 3057 280 3123 ,οἳ
307 3042 427 3113 Tbeon.
490 3046 528 3112 In
555 3046 761 3112 monumentis
788 3045 986 3134 Aegyptiacis
1013 3045 1078 3110 Ilea
1106 3043 1174 3132 Tpe

140 3149 182 3219 ive
204 3154 305 3247 lipbe
331 3157 507 3247 saepissime
535 3142 669 3224 occurrit
678 3146 695 3237 ,⁸
712 3170 831 3248 septem
857 3157 963 3246 globos
990 3156 1175 3244 incorpore

140 3259 213 3351 pictos
227 3266 366 3346 babens,
385 3288 518 3356 quorum
537 3268 599 3334 duo
615 3282 733 3334 certum
751 3269 854 3334 locum
873 3280 1041 3356 occupant,
1061 3266 1174 3354 reliqui

140 3377 250 3469 quinque
257 3400 322 3471 per
338 3391 439 3445 totum
453 3403 564 3471 corpus
578 3393 649 3447 sunt
664 3381 804 3470 dispersi.
833 3378 883 3448 Cf.
901 3361 1076 3468 suprapag.
1096 3381 1172 3445 182.

138 3481 238 3562 ltndn.
252 3490 296 3559 nd
312 3491 423 3572 verbu,
447 3484 598 3577 θηλυκῶς
612 3493 716 3576 μέντοι
736 3498 792 3574 τὴν
812 3494 951 3577 οὐρανόν.
988 3487 1052 3556 'Sol
1070 3489 1176 3578 itaque

136 3603 260 3673 cthna
286 3617 376 3677 tunc,
391 3605 471 3674 inter
499 3604 598 3671 stellas
627 3605 746 3670 censeri
774 3627 836 3669 non
853 3601 998 3668 videntur
1015 3613 1176 3690 tamquam

133 3709 167 3779 lii
184 3716 373 3798 nobiliores,
396 3728 428 3781 et
447 3738 482 3781 er
500 3716 696 3805 planetarum
713 3736 841 3779 numero
860 3711 973 3780 exemti
990 3711 1030 3777 ab
1049 3714 1176 3801 Aegyp-

131 3826 189 3908 tiis,
211 3828 307 3895 veluti
324 3825 484 3893 adnotavit
502 3826 542 3891 de
559 3829 654 3893 Pauvv
673 3826 762 3893 adh.
783 3826 804 3893 l.
823 3863 869 3874 -
889 3823 1052 3889 Caeterum
1072 3825 1176 3890 stellae

125 3938 375 4008 inmonumentis
395 3939 617 4029 Aegyptiorum
637 3940 775 4028 quinque
793 3935 888 4003 radiis
905 3937 1085 4026 pingrmtur.
1116 3933 1174 4002 eff.

123 4050 289 4145 (ibompoll.
303 4051 358 4130 ‚de
375 4050 534 4142 Hierogl.
558 4052 597 4117 V
594 4061 636 4120 et.
658 4051 743 4142 Arg.
766 4051 829 4118 tab.
854 4072 924 4139 gen.
943 4073 975 4117 u.
1002 4053 1079 4114 239.
1104 4045 1175 4111 effi-

220 4190 225 4197 ·
1043 4161 1085 4221 20
