2498 4814
354 319 591 389 noarrouu.
615 276 814 393 urunoou.
1060 347 1136 415 nn

462 521 766 607 EDITIONES.

144 688 175 754 1.
223 684 371 773 Princeps
394 695 438 749 est
461 682 575 748 Aldina
593 683 653 750 hoc
671 685 776 754 titulo:
828 682 867 751 V
864 688 915 751 ita
933 695 965 752 et
982 687 1139 755 Fabelloe

77 788 220 888 lesopi,
242 796 402 864 Fabullae
421 794 575 877 Gabriac,
602 795 777 863 Phumutus
801 819 853 864 seu
876 794 1052 881 Cornutus,
1074 797 1137 866 Pai-

75 910 264 1001 laephatus,
288 892 465 976 Heraclides
484 908 649 987 Ponticus,
673 907 729 976 Ori
748 909 900 998 Apollinis
920 911 1034 978 Niliaci
1051 910 1138 977 ute·

80 1022 303 1114 roglgplsioa,
331 1019 488 1088 Collectio
505 1023 757 1109 proverbiorum
775 1021 922 1088 Tarrhaci
940 1037 971 1089 et
989 1023 1136 1113 Didymi,

80 1136 162 1201 item
177 1155 283 1217 corum
292 1182 303 1214 ,
319 1155 398 1222 quae
416 1130 499 1221 apud
508 1130 637 1198 Suidam
656 1132 792 1222 aliosque
810 1132 963 1201 habentur
980 1158 1035 1224 per
1055 1135 1139 1202 ordi-

81 1269 154 1312 nem
183 1246 355 1314 literarum.
402 1244 506 1311 Etiam
529 1265 565 1309 er
587 1243 789 1335 Aphthonio,
822 1244 1025 1326 Philostrato,
1058 1247 1139 1314 Har-
1208 1300 1212 1307 .

81 1379 234 1449 mogene,
250 1357 351 1424 Gellio
367 1354 537 1446 quaedam3
556 1355 588 1430 iu
602 1355 655 1423 1⁴²⁰.
678 1355 790 1424 Venet.
805 1355 888 1446 apud
898 1356 1026 1439 Aldum,
1037 1381 1140 1426 meuse

82 1470 227 1539 Octobri.
254 1473 351 1538 1505.

84 1560 131 1635 Ι119
152 1581 226 1632 libris
248 1582 280 1632 ab
303 1578 425 1632 Aldurum
446 1581 540 1632 familia
560 1579 652 1643 editis,
676 1579 758 1644 deque
773 1582 1040 1648 praestantissumam,
1062 1582 1147 1634 dedita

125 1690 204 1740 opera
225 1672 326 1738 scripsit
344 1673 410 1736 Aug.
432 1671 582 1736 Ianouard5
608 1674 719 1721 attamen
736 1671 803 1721 hano
822 1670 991 1739 llorapollinis
1010 1673 1148 1722 aditionem

126 1765 243 1831 plurimis
257 1764 322 1813 locis
332 1763 450 1821 ,mutilam
468 1768 495 1812 at
508 1763 674 1828 inperfectam
691 1779 762 1824 asse,
781 1778 833 1811 non
850 1763 885 1813 ita
903 1763 961 1814 aldi
976 1765 1024 1814 viri
1039 1763 1147 1829 diligan-

127 1855 220 1905 tissimi
236 1854 407 1918 negligentia,
427 1854 472 1907 sau
496 1853 673 1918 exemplarium
694 1855 773 1915 nitio,
793 1870 858 1918 quaa
876 1856 1000 1905 rarissime
1016 1856 1148 1921 reperiun-

128 1951 189 2005 tur,
213 1945 344 1994 iudicarit.
368 1945 393 1994 J.
412 1944 509 1995 Pierius
530 1944 695 2005 Valerianus,
721 1946 748 1993 iu
769 1945 820 2011 Ep.
841 1945 1031 1996 ud'ilrbostasm
1051 1947 1147 1998 Bolse-

127 2039 216 2097 πίνη,
226 2037 322 2087 inserta
332 2037 389 2101 ejus
397 2035 619 2100 Hiaroglgpln'ss‘a.
630 2035 684 2085 Lib.
697 2035 813 2087 mun
823 2053 881 2104 pag.
893 2037 953 2088 233.
966 2039 994 2088 G.
1006 2041 1033 2088 at
1042 2037 1103 2090 234.
1115 2038 1146 2088 11.

130 2148 176 2216 11.
225 2146 305 2214 orus
320 2194 323 2198 ι
336 2146 449 2236 Apollo
482 2147 619 2213 Niliacus
649 2147 690 2212 de
720 2147 1002 2240 Hieroglyphiois
1033 2152 1142 2229 notis,

88 2257 280 2326 Bemardino
301 2258 446 2326 Trebatio
469 2257 632 2324 Visentino
659 2259 837 2348 interprete.
883 2264 1038 2350 Augustae
1065 2256 1144 2327 Viu-

90 2372 259 2438 delicorum
279 2373 377 2439 1515.
407 2369 586 2437 Versiouem
603 2369 684 2435 hanc
703 2368 859 2437 Conradus
873 2372 1073 2467 Peutingerus
1087 2373 1144 2440 Jo-

87 2483 162 2549 anni
188 2483 343 2549 Frobcuio
371 2480 579 2548 excudendum
608 2481 764 2562 conoesit,
788 2482 870 2571 opud
893 2506 987 2572 quem
1005 2484 1142 2574 pro‘diit,

87 2595 183 2663 Basit.
210 2599 308 2674 1518.
343 2595 377 2660 iu
400 2599 447 2662 4⁰.

97 2711 225 2759 Iarccms
238 2708 266 2756 in
280 2709 327 2773 Ep.
346 2707 533 2774 Runoupatoria
545 2707 578 2758 ad
594 2708 715 2757 loannem
730 2708 899 2771 Sangalaaium
909 2708 1063 2758 uticensium
1077 2708 1149 2773 Epis-

133 2814 238 2864 copum,
266 2814 342 2862 quam
367 2797 473 2849 editioni
496 2813 555 2847 suae
581 2799 725 2864 praemisit:
753 2798 885 2847 »Taoao''
913 2797 996 2859 iuquit
1023 2813 1111 2861 »quaa
1134 2812 1149 2850 a

137 2889 311 2939 »samaim
327 2888 435 2952 quodam
448 2889 601 2938 vincentino
615 2885 698 2937 multa
714 2903 765 2936 non
782 2889 843 2937 satis
858 2888 968 2938 feliciter
984 2904 1056 2940 versa
1071 2894 1147 2951 sunt,

133 2981 278 3046 »pleraque
297 2981 374 3030 etiam
392 2980 581 3046 praetermissa,
602 2979 670 3042 quod
687 2980 752 3029 sorta
769 2979 870 3039 codici,
890 2980 917 3028 in
933 2995 1008 3042 quem
1025 2980 1150 3032 inciderat

131 3071 349 3124 »adscribendum
363 3071 450 3122 luerit.
459 3071 477 3096 ”
499 3070 573 3120 Utilis
587 3073 671 3120 tamen
685 3075 741 3130 est,
761 3071 829 3133 quod
844 3086 874 3119 ex
889 3087 919 3121 ea
934 3070 966 3120 de
980 3072 1079 3121 Codicis
1094 3072 1148 3122 lec·

130 3164 202 3213 tione
218 3177 295 3225 quem
312 3160 628 3222 secutussuitTrehatius,
649 3158 830 3224 quodammodo
846 3161 956 3225 judicari
973 3163 1063 3228 possit3
1081 3163 1150 3226 quod
1216 3188 1232 3222 ι

129 3268 191 3304 vero
213 3251 463 3313 malefaciendum,
481 3269 540 3301 nam
558 3253 610 3319 ipse
628 3250 758 3301 Trebatius
777 3252 802 3299 in
822 3254 902 3317 praef.
921 3252 953 3301 ad
969 3254 1148 3317 Peutingerum

130 3347 262 3395 testator:
289 3341 361 3391 »sibi
385 3357 438 3392 nou
459 3342 536 3392 luisse
555 3342 663 3392 animum
687 3342 724 3393 ita
747 3342 864 3406 religiosa
882 3346 980 3393 uertere
1000 3346 1030 3391 ut
1048 3345 1151 3397 verbum

132 3434 233 3484 »verbo
253 3433 404 3484 redderet.”

132 3545 256 3613 Deinde
275 3543 384 3610 eadem
400 3544 498 3611 versio
516 3544 633 3634 prodiit
651 3542 733 3634 apud
750 3545 831 3614 Rob.
848 3544 1051 3634 Stephanum.
1083 3548 1143 3613 Pa·
1216 3561 1219 3567 '

87 3659 142 3727 ris.
171 3661 269 3725 1530.
303 3656 336 3721 in
359 3662 403 3726 8⁰.

134 3767 219 3836 cum
246 3769 410 3859 rapsatur
437 3766 534 3859 ripn
563 3767 649 3835 nors
681 3768 726 3838 n.
754 3770 794 3835 oe
821 3750 1001 3864 Aegaeas.
1048 3770 1140 3839 nasu.

90 3885 193 3951 1534.
227 3881 259 3946 in
283 3887 329 3951 8⁰.

134 3997 255 4062 Postea.
281 3993 434 4085 Lugduni.
461 3997 557 4066 1542.
590 3993 621 4059 in
647 3999 691 4061 8⁰.
