2484 4806
146 346 213 411 208
523 333 768 405 indomito
793 354 840 403 an

187 547 277 610 τοῦτο
302 546 447 627 γράφουσι
471 542 506 604 τὸ
527 546 626 624 σχῆμα
651 540 702 605 tut
722 545 777 620 τῆς
797 537 990 620 ἀνατολῆς,
1016 540 1036 602 ὃ
1062 542 1181 625 totoue

134 656 197 731 -λος
217 651 361 739 ποιεῖται]
409 652 456 718 Ile
474 651 569 717 Pauu
589 648 785 716 distinctione
803 661 879 737 post
897 650 1069 734 ἀνατολῆς
1091 653 1182 733 suhht,

145 742 243 855 eaque
256 777 326 855 post
345 775 442 851 σχῆμα
459 763 571 852 posita,
594 762 758 827 articulum
777 761 860 827 dita
878 761 1116 850 accipiendum
1130 764 1183 847 dicit

71 860 78 871 Ι
144 900 182 943 nc
206 878 233 945 si
261 890 332 943 anta
360 897 449 953 voces
481 878 532 942 tut
559 885 612 957 τῆς
636 874 787 957 ἀνατολῆς
814 873 947 962 positus
983 875 1110 946 finisset:
1137 879 1183 945 ln

136 993 285 1081 μέμφεταί
302 989 465 1067 habitum,
483 1007 576 1076 quom
594 988 630 1048 in
646 991 763 1049 exortu
780 986 883 1051 tutae
892 988 1007 1075 facit
1012 1010 1029 1068 ,·
1049 989 1104 1055 sed
1118 1012 1182 1057 rau

143 1113 179 1168 ut
202 1098 352 1190 ejusmodi
374 1096 564 1189 pronomihis
586 1097 708 1163 relativi
732 1098 987 1165 constructionis
1014 1102 1183 1192 eremplrd·

143 1213 219 1279 farri
235 1212 363 1302 possint.
396 1212 506 1301 Neque
525 1222 629 1277 tamen
647 1211 730 1277 locus
739 1211 880 1315 ,tprouti
897 1211 939 1277 in
963 1209 1076 1281 Godd.
1094 1228 1123 1280 et
1136 1214 1182 1283 tlt

142 1326 273 1417 legitur,
293 1323 415 1391 ridetur
434 1346 540 1406 sanus3
563 1324 733 1412 requiritur
750 1322 835 1387 enim
855 1322 1023 1393 articulus
1043 1339 1116 1393 ante
1130 1354 1184 1395 τοι

141 1437 282 1521 κέ.φαλος
341 1437 481 1503 Fortasse
510 1458 546 1502 ex
571 1433 795 1525 superioribus,
825 1457 939 1501 errore
973 1414 1183 1529 scribentirpr

139 1555 201 1637 μὰρ
223 1548 286 1615 huc
310 1549 434 1638 irrepsit
458 1557 623 1635 γράφονοις
649 1547 694 1613 ita
716 1560 751 1615 ut
769 1545 945 1638 legendum
968 1550 1032 1621 sit·
1060 1563 1142 1619 τοῦτο
1145 1558 1185 1637 μὴ

141 1666 177 1728 τὸ
210 1670 325 1748 σχῆμα,
359 1664 410 1727 ἐπὶ
441 1673 494 1743 τῆς
524 1659 674 1743 ἀνατολῆς
700 1664 720 1726 o‘
744 1660 964 1742 κυνοκέφαλος
1000 1668 1186 1743 nuseium

139 1777 235 1839 εἰπεῖν
261 1780 492 1858 προςεοχὸμενος
520 1778 558 1855 τῇ
583 1779 662 1853 deci:
697 1770 720 1839 i.
740 1792 769 1838 e.
790 1770 875 1837 ltttnc
894 1776 999 1838 enim
1020 1776 1186 1843 habituali

141 1891 257 1951 exortu
288 1883 524 1973 cynocephalus
552 1882 703 1972 wigii,
735 1890 772 1946 ut
802 1885 855 1948 ita
884 1884 1015 1953 dicam
1038 1890 1187 1980 grutnluu

136 1994 252 2082 Deum
283 2008 314 2061 et
341 2007 409 2061 tum
435 2004 535 2082 σχῆμα
568 2003 700 2060 ποιεῖται
725 1993 845 2061 dicatur
877 2020 943 2086 pro
982 2006 1188 2089 σχηματίζειν,

139 2107 267 2175 solemni
284 2107 372 2173 rerbi
389 2114 543 2173 coartetur
559 2128 633 2185 usu,
645 2129 733 2196 quo,
751 2106 859 2175 addito
877 2111 1043 2195 nomino,
1062 2113 1189 2204 periphu

138 2219 187 2287 sin
209 2220 284 2286 facit
304 2219 392 2284 rerhi
410 2218 543 2308 cognati.

183 2333 286 2413 ἐπειδὴ
308 2333 469 2415 ἀμφότεροι
492 2333 589 2412 φωτὸς
609 2330 816 2418 μετειλήφαοι]
862 2329 1078 2424 interpretes
1096 2358 1189 2426 accept
1218 2329 1219 2332 Ἴ

137 2455 213 2529 runt
239 2441 279 2509 de
306 2443 369 2508 sole
388 2455 482 2531 atque
501 2439 540 2505 de
561 2442 643 2508 luna.
692 2443 739 2509 Ile
759 2443 854 2509 Pauu
873 2465 912 2508 ea
933 2462 1101 2540 corrupta
1118 2460 1188 2540 putat,
1221 2435 1222 2464 i

136 2578 194 2645 pro
220 2556 380 2643 ἀμφότεροι
408 2554 511 2643 legens
539 2555 723 2640 ἀμφοτέρου,
753 2567 784 2620 et
812 2555 1026 2640 μετειλήφαοι
1048 2559 1189 2631 mutauit

138 2667 290 2755 singulare
320 2667 520 2751 μετείληφεν,
559 2665 603 2730 ita
633 2679 668 2731 ut
699 2667 851 2733 referatur
872 2665 915 2731 ad
940 2673 1188 2765 cynocephalrn,

137 2781 228 2846 »sole
252 2776 411 2844 occidente
433 2799 504 2843 mor
529 2778 635 2842 lunam
659 2778 809 2845 orientem
836 2778 1031 2868 ridentem,
1058 2783 1190 2877 atqueit

137 2912 224 2979 »pro
243 2912 304 2955 uno
323 2889 440 2955 lumine
450 2924 465 2970 ,·
484 2889 652 2955 luminibus
670 2890 825 2957 fruentem
847 2891 1018 2964 dnobus.”
1066 2898 1131 2967 Sed
1145 2920 1191 2963 ur-

90 3083 93 3086 *
137 3001 254 3068 tatione
280 3023 343 3066 nou
369 3025 444 3090 opus
470 3001 614 3082 ridetur,
647 3025 749 3092 neque
774 3004 1006 3093 accipiendum
1037 3011 1083 3078 de
1105 3012 1191 3078 solett

136 3115 230 3194 luna,
257 3135 365 3177 rerum
387 3112 427 3177 de
448 3114 520 3178 luna
540 3115 668 3204 ipsoque
686 3116 919 3206 cynocephal03
947 3125 1117 3212 superiori
1134 3125 1191 3190 uir

136 3226 240 3318 capite
267 3224 386 3291 dictum
413 3240 494 3294 erat:
527 3229 603 3295 ὅταν
631 3233 689 3314 γὰρ
710 3263 755 3279 -
778 3236 797 3312 ἡ
824 3230 940 3315 σελήνη·
965 3272 1019 3286 -
1046 3240 1192 3321 ἀφώνοις

135 3343 277 3425 γένηται,
309 3345 377 3404 τότε
399 3343 416 3404 ό
437 3343 494 3421 μὲν
515 3346 611 3424 ἄρσην
633 3340 838 3422 κυνοκέφαλος
859 3342 895 3407 οὐ
919 3343 1065 3430 βλέπεις
1094 3343 1192 3438 quantit

138 3453 234 3542 igitur
256 3453 328 3517 luna
352 3450 466 3515 iterum
485 3451 698 3532 illuminatur,
723 3452 877 3540 atqueita
896 3453 1038 3525 luminis
1057 3462 1192 3549 pamoep

138 3565 192 3642 fit,
209 3563 274 3652 ipse
293 3585 416 3652 quoqne
432 3561 655 3651 cynocephalus
669 3564 773 3629 lumen
787 3586 891 3630 rursus
904 3565 1083 3658 adspicere
1095 3582 1191 3663 potet.
1227 3569 1242 3609 ⁵

138 3687 170 3742 ct
189 3673 233 3759 sic
244 3736 249 3743 ,
260 3688 344 3740 recte
367 3673 427 3739 hoc
454 3674 522 3740 loco
540 3689 705 3763 usurpatur
723 3676 854 3743 terbum
874 3678 1146 3771 μεταλαμβάνειν.
1162 3716 1192 3731 -

138 3785 265 3874 Quaeh.
277 3786 299 3855 l.
316 3800 455 3852 narratur
470 3787 747 3881 cynocephalorum
763 3786 955 3855 consuetudo
971 3813 1097 3860 noram
1108 3797 1192 3862 lunen

14 3924 16 3926 ’
136 3897 327 3990 prandendi,
345 3922 412 3964 eam
423 3910 545 3989 quoqne
561 3900 775 3989 elephantibus
786 3900 896 3967 tribuit
906 3901 1118 3974 helianusde
1129 3905 1192 3973 Nat.

138 4010 251 4081 duim.
273 4011 327 4081 IV.
356 4015 407 4079 10.
430 4012 480 4077 cui
500 4011 631 4096 addatur
650 4012 767 4080 Plinius
785 4010 883 4083 Eiet.
902 4013 991 4106 Nat.
1016 4020 1107 4088 Vlll.
1128 4025 1153 4089 l.
