2484 4806
118 346 182 411 331
313 374 318 387 ·
494 332 739 406 ΔΒΝΟΤΑΤΙΟ
767 350 815 403 sn

119 554 290 633 ulnamque
316 543 402 605 onim
430 541 562 605 animal
586 548 698 619 necat,
730 543 887 629 utrique
904 539 1050 604 meins
1069 537 1128 628 offa:

120 668 235 745 atquc,
259 674 338 743 quac
365 651 418 717 hic
445 650 485 716 dc
511 652 632 741 scorpio
656 664 855 733 narrantur,
884 651 996 741 potins
1013 650 1048 716 dc
1061 652 1132 720 idac

120 789 212 833 mona
229 763 409 855 accipienda
426 774 536 854 putat,
561 763 600 829 dc
620 786 682 853 quo
699 764 751 832 off.
779 786 869 855 quos
888 763 1078 831 laudavimus
1091 788 1134 856 ᾳ

121 879 161 944 ad
181 900 249 968 cap.
271 882 325 947 33.
350 900 419 968 pag.
440 882 516 945 330.
563 875 628 943 Sed
655 877 832 943 lectionem
867 877 906 942 in
935 875 1050 943 Aldina
1070 878 1135 943 aa

122 990 192 1081 quis
209 989 342 1070 editam,
361 1002 393 1055 ct
407 1011 490 1054 nunc
507 1012 631 1079 quoquc
646 987 841 1055 anctoritate
857 990 967 1056 trium
983 986 1135 1057 (loddla'n

122 1102 355 1182 confirmatam,
380 1101 559 1168 servandam
586 1123 668 1183 csse,
687 1100 727 1167 dc
745 1102 852 1168 Pauw
873 1114 969 1168 recte
981 1100 1135 1192 Judicmi

123 1213 232 1296 dctn'r3
258 1215 313 1305 qui
339 1213 445 1281 docuit
468 1236 592 1304 quoque
610 1213 804 1281 crocodilum
824 1206 978 1280 hicnon
995 1213 1135 1303 iudiouifi

123 1329 264 1407 aialon,
288 1326 341 1392 sod
358 1336 569 1408 terreum,
588 1327 669 1394 viros
686 1327 772 1393 enim
790 1320 1042 1394 doctosminus
1055 1326 1134 1393 rosal

124 1462 196 1505 cnm
217 1439 339 1506 Aeliani
357 1439 398 1504 ole
414 1439 497 1508 Nat.
518 1439 631 1508 Arnim.
656 1438 702 1508 11.
722 1445 779 1508 33.
804 1438 880 1505 huc
908 1438 1079 1520 advocare,
1094 1460 1137 1529 q·

32 1582 35 1591 ·
124 1552 172 1618 ibi
197 1574 260 1618 non
288 1551 428 1632 dicator,
452 1551 643 1619 crocodilum
670 1553 750 1620 mori
774 1553 911 1643 scorpio
932 1575 972 1619 ex
991 1574 1025 1620 sc
1040 1550 1138 1632 cuod

123 1677 247 1732 mortuo
261 1663 435 1745 crocodilo,
451 1665 604 1756 scorpium
621 1668 736 1755 cr'cjas
752 1650 919 1731 cadauera
934 1677 1140 1754 venenatmp

122 1776 203 1844 dirc.
227 1836 230 1843 .
251 1775 341 1860 Quod
376 1790 480 1843 antem
506 1776 547 1843 do
581 1777 767 1857 inimicitia,
801 1778 895 1844 inter
934 1776 1142 1844 crocodilni

123 1890 190 1956 lum
205 1888 382 1978 fhociolmn
405 1902 436 1954 et
458 1889 635 1979 scorpium,
658 1887 828 1955 absurdum
861 1889 926 1970 sit,
951 1904 1045 1958 rcctc
1067 1880 1143 1979 opis

123 2000 231 2079 bitur,
255 2001 280 2066 si
304 1999 343 2067 dc
361 2001 527 2066 crocodilo
553 2005 712 2066 terrestri
737 2000 923 2090 accipiatur
935 2051 946 2082 ,
976 1980 1020 2070 dc
1041 1998 1144 2093 quoii·

125 2113 245 2180 dalion.
256 2111 284 2180 1.
298 2117 358 2192 53,
377 2111 462 2181 med.
474 2125 505 2178 ct
522 2112 607 2181 XVI.
628 2116 660 2180 6.
690 2112 808 2179 Plinius
821 2112 932 2184 Eiet.
948 2114 1040 2184 Nat.
1055 2108 1144 2182 Xllll

74 2252 81 2265 ·
126 2230 168 2305 8,
191 2224 275 2291 mcd.
325 2222 383 2293 cff.
405 2247 528 2314 quoquc
548 2208 627 2314 quae
646 2224 863 2292 adnotavimus
891 2250 996 2319 snpra
1020 2227 1058 2294 ad
1080 2220 1145 2293 lidi

124 2356 195 2426 cap.
215 2342 269 2405 67.
293 2361 365 2428 pag.
387 2342 463 2404 296.
513 2336 691 2404 Crocodilus
709 2339 767 2404 istc
788 2338 930 2406 fortasse
957 2339 1005 2407 ad
1033 2338 1146 2406 stcllifl

125 2468 220 2538 genus
246 2450 355 2514 referri
391 2462 512 2539 potest,
552 2471 628 2538 quos
662 2449 789 2538 scorpiis
826 2451 978 2518 maximo
1020 2450 1143 2518 adonai·

119 2544 208 2642 ose,
228 2561 353 2629 aarum
371 2563 492 2630 seiron.
512 2561 766 2630 mosmos.
782 2561 838 2630 vr.
863 2568 925 2634 22.
947 2564 1086 2633 rmus
1099 2560 1145 2629 m

126 2674 206 2743 Nat.
227 2675 343 2743 XXIX.
357 2680 452 2744 4.--
471 2673 571 2765 Simul
589 2696 661 2738 cum
678 2672 799 2739 Aeliani
816 2674 892 2740 loco
913 2674 965 2745 Il.
992 2683 1072 2760 33„
1090 2673 1150 2742 mlo

126 2810 250 2876 quoquc
271 2785 374 2857 Carm.
403 2787 500 2856 LXV.
528 2809 571 2854 rs.
592 2792 634 2867 3,
659 2809 744 2876 seqq.
769 2785 838 2876 (qui
869 2801 906 2854 et
935 2789 1012 2880 ipsc
1043 2792 1154 2859 Aalianu

127 2884 219 2962 mals
234 2912 375 2981 secutus,
398 2898 588 2967 crocodilum
613 2923 631 2964 a
654 2897 773 2988 scorpio
791 2919 827 2963 cr
846 2920 885 2964 sc
905 2915 990 2971 nato
1010 2905 1106 2972 occidi
1117 2927 1156 2971 m·

126 3008 208 3096 rat),
229 3011 371 3078 emendat
388 3027 480 3101 atque
500 3012 631 3101 explicat
646 3011 684 3077 dc
702 3012 808 3079 Pauw.
829 3050 879 3063 —
891 3013 1158 3110 -Picriusllierogl

121 3121 213 3211 XVI.
246 3128 297 3191 14.
321 3128 487 3214 scorpium
515 3125 659 3214 intelligit
686 3127 875 3204 mausum,
905 3126 950 3193 dc
983 3156 1052 3221 quo
1077 3134 1158 3201 Arum

126 3234 223 3302 mist.
244 3235 357 3306 Anim.
382 3237 421 3304 V.
439 3242 471 3304 9.
492 3259 562 3326 pag.
583 3241 659 3305 295.
680 3236 728 3316 E,
753 3235 842 3304 Vlll.
876 3244 914 3308 3.
952 3267 1034 3337 pag.
1065 3246 1162 3315 3921.

126 3348 247 3417 delion.
259 3348 388 3418 deth.
400 3347 629 3417 AnimXVll.
649 3353 682 3416 6.
718 3347 836 3414 Plinius
854 3349 1157 3430 Hiot.Nat.11.51

124 3458 209 3528 mod.
233 3500 278 3511 —
301 3462 348 3527 lle
376 3465 507 3552 scorpio
535 3463 691 3525 terresdri
717 3459 768 3528 off.
794 3462 935 3534 Aristot.
964 3469 1071 3542 Hist.
1091 3472 1161 3540 Anu

124 3570 165 3638 V.
191 3575 244 3637 26.
269 3597 339 3662 pag.
360 3579 435 3642 317.
456 3575 506 3654 Α,
530 3573 619 3640 Vlll.
651 3579 705 3642 29.
729 3599 798 3665 pag.
825 3581 908 3646 407.
932 3580 977 3649 Il.
1009 3584 1054 3649 da
1077 3582 1161 3651 Missi

123 3680 226 3750 Auso.
246 3707 317 3773 pag.
343 3690 418 3754 717.
440 3685 476 3755 G.
516 3685 608 3755 Diod.
622 3685 685 3755 Sic.
699 3687 759 3755 lll.
773 3693 826 3755 30.
847 3712 929 3778 pag.
946 3697 1029 3764 196.
1058 3697 1161 3763 Wess«

124 3792 238 3860 Strabo
257 3795 342 3865 XVI.
362 3822 432 3890 pag.
456 3803 553 3866 1118.
575 3800 612 3868 B.
655 3800 775 3868 Aeliam.
795 3800 836 3864 de
850 3802 945 3874 Nat.
959 3807 1160 3878 Animum

125 3904 163 3974 V.
186 3910 239 3986 14,
256 3906 311 3977 Vl.
333 3915 388 3990 20,
406 3917 466 3991 23,
486 3911 575 3979 Vlll.
594 3917 652 3991 13,
671 3913 728 3982 IX.
743 3918 782 3993 4,
802 3918 866 3995 27,
894 3918 944 3988 Χ.
969 3927 1039 4004 23,
1062 3924 1160 3991 Uli

125 4018 209 4088 ΧΠ.
242 4023 301 4099 41,
326 4023 426 4091 XVll.
458 4029 510 4090 40.
558 4024 712 4091 Nicander
734 4026 906 4098 Therino-
933 4057 983 4105 vs.
1008 4043 1093 4118 769,
1114 4058 1160 4124 seq·
