2484 4806
287 300 522 369 HORAPOLL.
546 298 745 369 HIEROGL.
891 246 894 251 ¹
997 322 1076 372 xxxi

10 502 20 513 ’
64 507 130 556 dicis
145 505 272 564 lectione,
290 508 320 553 ut
338 506 392 570 ipse
408 507 517 555 testatur
535 503 563 554 iu
580 504 749 555 irroratione.
776 502 962 555 Adnotationes
977 507 1080 569 autem,

64 614 128 662 quas
143 598 239 661 adjecit
254 597 396 658 Heroerus,
412 594 536 662 prasimae
558 595 689 660 pertinent
706 594 745 645 ad,
757 593 850 646 librum
866 595 889 646 1.
915 597 952 645 lle
966 597 1083 648 versione

62 704 122 739 vero
147 689 254 738 editioni
279 689 385 739 lderceri
407 687 509 749 addita,
527 668 639 738 dubitiri
660 687 767 749 nequit,
795 687 857 750 quin
881 687 985 752 abipso
1003 688 1082 739 luerit

61 779 300 846 composita,..diois
316 781 382 830 euim
399 779 427 828 io
446 779 533 830 eadem
551 780 596 844 Bp.
616 778 821 842 Ιιιιιιιιιιριιοιίιι,
840 793 915 841 quem
931 793 1008 844 supra
1022 779 1080 828 lau-

58 872 189 922 davimus:
218 872 318 920 sorum
343 872 426 936 ipsum
455 869 754 938 eririypeaav,..rnulto
780 873 881 930 tamen,
908 885 983 933 quem
1005 872 1082 919 antea

59 946 295 1031 »emendatiorem
320 965 347 1012 et
366 961 473 1011 eundem
492 979 507 1011 a
525 961 598 1009 nobis
618 961 746 1009 latinitate
766 960 902 1021 donatum,
926 960 1081 1024 scholiisque
1163 1007 1167 1014 ,

59 1054 240 1104 »illustratum
255 1057 315 1102 tuse
332 1068 478 1102 consecrem
496 1051 689 1112 humanitati,''
711 1054 739 1100 et
755 1051 782 1099 in
798 1050 884 1101 adnot.
905 1049 937 1103 td
955 1067 1013 1117 cap.
1036 1049 1080 1105 14.

58 1145 119 1196 usn
135 1147 159 1198 ι.
179 1147 226 1195 aas
244 1127 372 1211 sirenas.
397 1145 509 1195 »roseas
526 1144 576 1194 hoo
594 1143 684 1195 seran
701 1143 744 1193 ver
762 1142 794 1192 aa
813 1141 1030 1208 sysmepnunm,
1048 1150 1082 1194 aa

59 1252 133 1288 suos
142 1238 290 1296 vertimus,
310 1235 354 1285 vel
371 1235 403 1284 ad
419 1235 572 1284 sacerdotem
582 1234 600 1260 ”
621 1238 689 1304 cet,
706 1250 757 1298 qua
772 1237 877 1300 propter
893 1219 1082 1295 mirorjluisse

58 1329 213 1388 nonnullos,
235 1331 263 1376 et
278 1326 345 1375 inter
364 1341 407 1375 eos
425 1321 548 1374 Abbatem
566 1327 664 1376 llivium
690 1324 728 1390 (in
748 1327 962 1375 commentatione
980 1325 1011 1375 de
1030 1343 1082 1391 qua
1160 1352 1163 1365 ι

60 1434 137 1484 supra
147 1417 278 1484 diximus),
294 1416 339 1480 qui
354 1416 503 1478 statuerint,
522 1417 659 1467 versionem
673 1418 741 1467 illam
753 1415 816 1465 falso
830 1416 908 1466 tribui
922 1417 948 1483 J.
957 1417 1078 1469 Horcero.

82 1530 139 1599 Vl.
187 1529 241 1597 Ori
257 1529 415 1620 Apollonis
432 1529 546 1597 Niliaci
563 1530 604 1594 de
620 1527 740 1595 Sacris
748 1528 990 1621 Aegyptiorum
1003 1528 1076 1596 No·

18 1645 69 1717 tis
87 1640 292 1733 Aegyptiace
308 1645 487 1732 expressis.
512 1641 601 1710 Libri
620 1641 699 1722 duo,
716 1629 859 1706 iconibus
882 1641 1025 1707 illustrati
1044 1655 1076 1709 et
1112 1628 1114 1632 ¹

15 1754 111 1823 aucti.
163 1755 285 1820 Parisiis
302 1755 382 1844 apud
404 1755 564 1822 Galeotum
583 1777 601 1819 a
618 1756 729 1865 Proto,
753 1767 785 1818 et
810 1742 962 1867 Joaunem
980 1753 1075 1819 Ruel-

16 1862 108 1935 lium.
135 1867 358 1935 1574'11180.

26 1979 175 2031 versionem
197 1983 295 2029 tantum
320 1980 436 2031 continet
458 1981 622 2033 Latinamet
640 1980 777 2041 Gallicam
796 1978 885 2028 Latina
905 1993 1021 2044 expressa
1040 1981 1080 2028 est

62 2069 202 2120 secundum
226 2086 294 2131 eam,
322 2060 397 2134 quani
421 2070 551 2121 Trebatius
575 2067 763 2136 composuerat.
783 2095 814 2106 -
841 2069 1080 2134 interpretationem

63 2161 187 2213 caluom
210 2162 337 2213 narravisse
355 2156 455 2212 videtur
479 2162 589 2213 ioannes
614 2163 752 2220 Martinus,
767 2165 809 2208 -ut
832 2160 962 2210 adnotavit
987 2159 1079 2223 aliquis

59 2253 88 2301 in
105 2251 128 2302 l.
145 2251 236 2318 pagiua
252 2252 369 2303 editionis
383 2269 448 2319 quae
464 2253 491 2302 in
506 2253 573 2307 Bihl.
591 2254 670 2318 lugd.
688 2255 743 2303 liat.
761 2257 883 2302 servatur.
909 2253 1020 2323 loannes
1033 2252 1079 2301 ille

14 2366 18 2373 ·
61 2342 183 2402 Martinus
200 2342 281 2393 scriba
299 2344 349 2392 tuit
367 2344 504 2414 cardinalis
523 2345 555 2394 de
574 2347 736 2404 Lenonoour,
757 2346 784 2391 et
802 2347 902 2409 praetor
917 2342 967 2413 alia
984 2358 1076 2409 opera,

58 2437 170 2483 verterat
191 2449 293 2498 quoque
312 2433 390 2484 libros
413 2439 472 2486 octo
495 2434 698 2487 architecturae
724 2434 832 2485 Vitruvii
847 2433 969 2484 Pollionis
984 2430 1078 2498 (editos

58 2524 161 2574 Parisiis
184 2525 251 2591 apud
272 2526 405 2575 ¹llierosme
428 2526 459 2576 de
483 2523 587 2578 liardet'.
604 2527 658 2579 l'au
676 2523 1077 2591 1⁶721esffnroqlppttaaon

37 2616 194 2682 apollinis.
222 2617 260 2667 Gt.
278 2617 445 2669 Bibliotheca
462 2619 504 2669 rr.
522 2620 632 2669 acruoe
647 2636 705 2685 pag.
721 2618 788 2680 242,
809 2617 869 2668 243.
891 2614 939 2683 (ι.

52 2733 151 2802 Vll(
172 2734 379 2826 Horapollinis
396 2737 547 2830 Hierogl
544 2738 682 2835 ppdi'ca
689 2762 706 2802 a
727 2736 846 2804 Davidc
864 2734 1069 2839 Hoeschelio,

15 2845 84 2912 tide
103 2829 223 2915 Codicis
239 2842 410 2938 Augustani
432 2849 499 2917 MS.
524 2862 681 2928 correcta,
706 2849 866 2950 suppleta,
898 2828 1071 2930 illustrata,

15 2957 137 3026 Graece
157 2959 283 3061 Ιιιιίιιθ,
308 2982 380 3026 cum
403 2941 665 3028 observationibus
687 2961 740 3034 Jo.
764 2962 913 3043 Mercari,
937 2966 971 3028 ct
987 2962 1071 3028 notia

16 3070 206 3140 Ilocsohelii.
260 3071 414 3162 Augustae
448 3051 689 3146 Vindelicoruin.
731 3076 827 3144 1595.
860 3080 903 3179 4.

58 3182 176 3249 Iterum
198 3187 352 3251 nonnullis
374 3188 499 3254 mutatis
522 3187 638 3278 prodiit
663 3190 793 3256 1605ss
784 3214 816 3254 ιιι
841 3194 884 3257 4⁰.

19 3297 189 3348 lloesolvelius
212 3284 303 3364 passim
331 3303 447 3350 secutum
470 3317 498 3352 se
523 3302 647 3368 exemplar
675 3302 794 3353 Aldinum
820 3300 951 3366 (quoniam
972 3298 1072 3348 nullum

53 3388 126 3439 aliud
141 3389 172 3439 ad
184 3406 286 3441 manum
299 3395 382 3454 esset,
403 3396 430 3444 et
444 3394 496 3443 suis
511 3393 610 3446 demum
623 3393 655 3444 ad
669 3393 745 3445 tinem
760 3394 904 3461 perductis,
920 3390 1068 3454 accepisset,

54 3479 179 3531 Gallicam
195 3480 350 3545 editionem,
369 3501 385 3534 a
398 3486 439 3538 Fr.
456 3485 600 3553 Sylburgio)
618 3487 667 3535 nisi
684 3485 728 3535 uhi
743 3491 830 3553 aperte
844 3484 991 3555 mendosum
1007 3495 1070 3530 con-

53 3573 148 3634 steret3
177 3573 280 3624 lacunas
306 3591 381 3640 porro
402 3594 417 3626 s
436 3579 607 3643 llanuscripto
628 3579 764 3628 nonnullas
791 3577 943 3643 explevisse,
964 3578 991 3623 ot
1010 3572 1072 3621 vitia

55 3661 177 3723 quasdam
206 3665 359 3728 correxisse,
388 3669 479 3734 partim
508 3670 675 3734 conjectura,
702 3670 794 3735 partim
813 3679 842 3717 ex
860 3666 1004 3718 Phasianini
1029 3666 1069 3713 in-

55 3752 256 3816 terpretatione,
275 3758 384 3807 testatur
401 3759 427 3808 in
444 3759 620 3822 dedicatione,
640 3778 715 3825 quarn
732 3775 806 3825 supra
823 3759 971 3808 citavimus.
1006 3749 1072 3806 Ver·

54 3843 153 3893 sionem
175 3846 280 3897 llerceri
306 3865 337 3898 er
359 3850 437 3916 priori
458 3854 515 3918 ejus
543 3853 654 3903 editione
678 3853 789 3918 adjecit,
813 3867 896 3925 quam<
918 3854 1001 3900 tamen
1027 3847 1073 3896 hic

25 3952 361 3968 w

33 4002 78 4072 (‘)
98 4006 137 4057 La
155 3996 392 4077 Bibliosssqse‘du
410 4010 490 4062 Ss'eur
509 4011 541 4060 de
558 4011 584 4060 la
602 4010 681 4060 Cros'e
698 4011 734 4059 alra
752 3999 1061 4059 Matae.·a·Par'101584.
