2484 4806
25 348 29 355 ·
114 325 178 389 264
489 310 736 381 indomito
762 328 813 376 an

112 556 116 563 ·
157 521 243 596 ἅπαξ
263 522 304 593 εἷς
319 522 377 600 τὴν
392 515 522 599 θήλειαν
535 511 639 600 φύσιν]
672 510 799 579 Plinius
812 506 930 577 Eiet.
944 506 1023 576 Nat.
1037 505 1121 579 Vliii

76 664 81 673 ·
118 604 314 719 >›‘oonoeptio
342 650 404 693 uuo
431 626 511 692 initu
538 625 716 715 peragitur,
739 644 830 712 quae
866 622 898 688 si
919 621 1003 687 forte
1017 622 1124 688 erudi

119 745 266 835 »gesimo
284 753 353 831 post
370 738 422 841 die
435 750 556 804 murem
568 737 710 804 docmina
728 735 908 825 repetit.’'

161 855 242 920 aitte
267 856 321 917 soi
348 857 471 934 σώφρων
494 848 568 935 ἐστὶ]
617 851 745 915 Aristot.
779 848 825 913 de
858 845 969 912 Eiet.
998 844 1127 913 Aust

119 972 189 1055 oip.
210 968 263 1032 18.
287 987 358 1053 pag.
379 967 456 1030 346.
476 960 513 1031 G.
538 976 640 1028 tauros
658 973 764 1026 narrat
782 960 898 1027 ooitus
916 971 1129 1056 tantumterpr

120 1100 193 1145 oum
218 1077 361 1142 foeminis
387 1076 482 1165 pasci.
530 1075 577 1141 lie
606 1075 687 1140 tauri
712 1072 920 1139 abstinentia
941 1083 977 1137 et
996 1070 1131 1160 tenpuui

121 1190 163 1257 oi.
192 1208 316 1277 quoque
342 1187 463 1255 Aeliau.
493 1186 534 1252 de
559 1186 641 1255 Nat.
661 1184 777 1253 Anisa.
797 1184 862 1252 vl.
890 1187 926 1252 1.
954 1196 990 1250 et
1011 1181 1133 1272 ipsein

122 1301 206 1392 pollo
229 1299 310 1364 infru
331 1299 376 1367 11.
401 1304 455 1367 te.

161 1414 220 1479 Per
249 1420 381 1476 taurum
408 1412 449 1477 ab
469 1410 630 1500 Aegyptiis
638 1409 891 1500 fortitudinem
920 1408 1024 1474 fuisse
1045 1406 1135 1495 signifi·

121 1539 208 1604 tum,
232 1536 430 1599 monumenta
448 1524 685 1603 confirmaruut3
710 1545 806 1612 quem
826 1522 925 1588 enim
947 1519 1138 1611 Apollinirt'tr

124 1639 210 1715 lum,
234 1636 267 1700 in
295 1635 433 1701 versione
460 1636 578 1700 Graeca
606 1635 814 1724 inscriptionis
844 1635 994 1701 obelisci
1022 1630 1141 1722 Aegypti

125 1747 338 1836 Hermapiou,
377 1747 422 1833 (iu
450 1747 621 1836 fragmento
651 1759 772 1828 servato
795 1745 892 1837 upud
924 1749 1040 1814 Amin.
1065 1741 1143 1812 ttsst

124 1860 227 1927 XVII.
249 1861 295 1946 4.)
319 1857 457 1924 reddidit
479 1859 650 1926 Ἀπολλων
669 1862 830 1942 κρατερὸς,
854 1857 1011 1924 eundem
1035 1854 1146 1944 Μ

125 1973 189 2039 lion
216 1973 365 2063 seriptum
392 1971 509 2036 invenit
536 1971 570 2035 iu
597 1959 929 2058 hieroglyphiois'per
951 1974 1148 2061 amptum

126 2085 252 2150 dismtm
270 2085 373 2162 solis,
399 2082 497 2171 (signa
514 2080 647 2146 nominis
665 2079 792 2146 Aroerr'
799 2129 811 2162 ,
836 2082 884 2149 of.
908 2105 1015 2173 supra
1033 2105 1098 2171 oap.
1110 2084 1148 2146 tt

127 2196 192 2262 tub.
212 2208 307 2263 nostr.
326 2218 359 2261 u.
381 2199 435 2260 27.
456 2216 483 2260 e.
510 2199 563 2260 27.
575 2194 625 2281 f.)
650 2192 764 2282 quibus
791 2190 935 2259 additur
963 2192 1148 2281 tuomst*

127 2307 283 2373 titudine
302 2306 485 2393 symbolum.
520 2303 570 2373 cf.
589 2304 762 2394 Chumpoll.
779 2300 828 2368 de'
836 2303 1020 2398 Hierogl.
1033 2306 1074 2372 V
1070 2302 1148 2393 stig

127 2444 198 2512 pag.
221 2423 307 2499 204,
333 2424 409 2486 205.
434 2416 506 2484 edd.
526 2441 595 2508 pag.
618 2424 693 2485 348.
715 2431 747 2484 et
764 2418 831 2485 tab.
849 2420 940 2507 gen.
955 2443 994 2489 n.
1016 2425 1093 2489 348.
1121 2416 1148 2505 itt

129 2532 295 2622 imaginem
315 2530 348 2595 in
365 2531 429 2597 tub.
444 2543 546 2602 nostr.
567 2529 792 2619 depingendam
810 2533 1006 2598 curavimus
1027 2547 1074 2600 n0.
1091 2535 1148 2597 51.-

130 2643 220 2728 Quod
246 2664 319 2707 vero
344 2641 398 2707 hio
427 2655 462 2707 ut
490 2653 521 2706 et
543 2641 623 2705 infra
641 2641 713 2708 Lib.
732 2641 776 2709 ΙΙ.
796 2663 868 2731 cup.
891 2647 956 2711 78.
975 2641 1148 2735 scriptordi

129 2759 365 2843 temperantiae
392 2776 515 2842 quoque
542 2753 794 2842 significationem
823 2762 933 2820 tauro
965 2779 1040 2822 esse
1066 2756 1148 2822 tribu

129 2866 223 2944 dum,
248 2865 325 2930 illud
351 2889 386 2930 ex
414 2866 541 2932 historia
564 2867 696 2931 naturali
712 2866 836 2955 potius,
861 2890 970 2956 quam
990 2893 1033 2935 ex
1053 2867 1148 2935 verat

129 2977 306 3067 gyptiorum
335 2976 474 3042 doctrina
507 2977 661 3045 addidisse
690 2979 832 3058 videtur3
868 2983 1097 3049 monumentis
1120 3001 1148 3047 ou

130 3089 267 3156 nondmn
290 3091 505 3156 confirmatum
527 3105 583 3158 est.

434 3384 436 3388 .
543 3335 647 3383 CAPUT
671 3334 769 3381 XLVII.
908 3334 912 3341 '

177 3547 255 3607 Τότε
284 3546 417 3624 μυκᾶται
446 3541 612 3628 μέγιστον’]
675 3540 801 3607 Αῐίεῒοῐ.
838 3537 942 3607 Hert.
985 3542 1107 3610 Anim.
1142 3539 1148 3605 i

133 3672 203 3738 cup.
228 3654 289 3729 11,
314 3653 386 3719 fine.
412 3677 483 3742 pag.
505 3658 580 3721 287.
601 3653 639 3720 Ι).
665 3657 717 3716 καὶ
739 3656 805 3737 περὶ
827 3660 933 3733 φωνῆς
956 3655 1013 3735 δὲ,
1042 3666 1141 3722 πάντα

89 3797 92 3802 ’
130 3762 228 3844 θήλεα
252 3762 497 3851 λεπτοφωνότερα
519 3770 570 3831 καὶ
591 3768 817 3849 όξυφωνότερα,
842 3764 926 3845 πλὴν
953 3771 1051 3853 βοὸς,
1072 3768 1148 3833 dotti

130 3880 243 3956 φωνήν·
276 3878 305 3938 oi
331 3875 364 3939 δὲ
391 3880 476 3961 βόες,
506 3882 668 3964 βαρύτερον
696 3877 885 3956 φθέγγονται
921 3882 962 3943 αἱ
986 3880 1148 3963 dejicitor

129 3987 273 4071 (ἐρῥένων.
321 3983 369 4054 Gi.
395 3985 477 4052 idem
502 3989 540 4056 V.
570 3992 621 4058 14.
647 3984 716 4078 pag.
744 3992 819 4055 299.
844 3987 881 4054 Ε.
