2498 4814
227 361 538 432 nostronnnrs
560 354 759 468 nrnnoen.
804 362 847 430 11.
872 367 926 431 24.
951 366 1005 430 25.
1083 364 1143 428 321

84 569 209 652 πληγῆς
227 570 291 633 τῶν
312 567 413 654 ἔχεων.
443 553 564 634 delion.
581 567 621 631 de
634 566 717 636 Nat.
731 563 844 633 duim.
855 564 895 633 V.
916 567 968 632 16.
982 567 1059 632 ὅταν
1071 572 1146 631 θεά-

86 705 204 749 σωνται
236 679 293 766 [sc.
322 656 450 767 vespae]
476 684 585 764 νεκρὰν
612 681 753 766 ἔχιδναν,
767 678 843 744 roi'd’
879 679 1058 758 ἐμὴίπτουσι
1093 680 1146 742 καὶ

89 797 299 880 φαρμάπουσι
319 791 508 876 stotonae.
542 789 625 857 ddd.
646 790 709 857 IX.
727 794 779 856 15.
813 788 930 854 Plinius
947 787 1044 856 Ilios.
1062 788 1143 857 Nat.

89 903 146 970 XI.
166 906 231 981 53,
255 903 335 970 fine:
369 925 511 992 »vespae
532 915 673 993 serpente
691 901 780 968 aride
796 912 979 982 vescuntur,
1003 924 1070 998 quo·
1083 901 1144 966 ali·
1184 943 1191 951 -

91 1027 226 1081 »memo
248 1015 425 1082 mortiferos
447 1016 527 1082 iotus
548 1016 705 1083 fuciunt.''
942 989 947 1008 ¹

413 1205 416 1217 ¹
515 1214 618 1262 curor
641 1215 717 1263 xxo.

130 1353 329 1435 Νυκτικόραξ
351 1349 505 1437 θάνατον]
555 1350 683 1417 Noctua
711 1351 886 1441 saepissime
913 1354 946 1417 in
969 1352 1145 1442 inscriptio-

96 1461 179 1529 nibus
206 1461 451 1552 hieroglyphieis
475 1462 633 1555 pingitur,
657 1462 711 1529 sed
739 1477 813 1529 tune
841 1476 1024 1554 potestatem
1049 1463 1146 1535 habet

97 1573 197 1641 literne
221 1600 262 1663 υς
285 1583 421 1640 mortem
447 1597 520 1640 rero
547 1599 603 1665 per
632 1598 701 1641 eam
723 1599 810 1642 arem
829 1576 960 1642 indicari
978 1577 1011 1641 in
1029 1599 1145 1642 monn·

97 1686 200 1753 mentis
220 1687 438 1777 Aegyptiacis,
452 1711 523 1754 non
546 1688 638 1754 credo
650 1713 663 1770 ;Ι
686 1711 765 1778 quse
790 1688 973 1778 significatio
992 1691 1146 1779 posterio-

98 1798 175 1865 ribus
200 1798 327 1864 demum
354 1800 567 1889 temporibus,
592 1814 623 1867 et
644 1802 684 1873 ub
699 1801 827 1866 bomine
845 1803 1054 1867 Romanorum
1072 1802 1146 1866 reli·
1207 1871 1210 1879 ,

98 1909 179 1998 gione
196 1911 318 1977 imbuto
338 1913 368 1977 ei
379 1912 485 1978 'tribui
502 1913 636 2002 potuisse
653 1911 786 1981 ridetur.
825 1913 1057 1978 Romani-enim
1071 1937 1146 1980 noo-

101 2032 176 2089 tusm
193 2024 360 2090 censebant
377 2023 458 2089 inter
477 2046 545 2089 ares
564 2023 766 2113 inauspicatos
790 2024 845 2110 (ef.
866 2025 987 2092 Aelian.
1007 2025 1047 2089 de
1063 2002 1163 2094 Nat(

102 2133 203 2204 Aoim.
223 2137 265 2204 X.
287 2136 375 2224 37.);
402 2138 528 2224 ejusque
557 2135 711 2224 opinionis
739 2137 834 2201 etiam
861 2158 943 2202 nune
966 2136 1049 2226 apud
1067 2161 1145 2205 non-

102 2247 187 2314 nullos
203 2247 344 2314 homines
362 2248 489 2336 vestigia
508 2261 679 2337 supersunt.
720 2245 770 2315 cf.
792 2246 839 2315 cl.
855 2249 995 2314 Reurens
1009 2249 1144 2340 inEpp.

105 2359 366 2427 udletronm'um
389 2361 448 2449 Ep.
473 2359 517 2426 Il.
542 2363 705 2450 pag..18‚
729 2382 816 2448 seqq.

109 2509 113 2519 ·
140 2477 221 2554 ἄφνω
247 2479 307 2559 γὰρ
334 2473 492 2559 ἐπέρχεται
517 2482 581 2548 τοῖς
608 2480 737 2548 νεοσσοῖς
764 2481 827 2539 τῶν
855 2472 1010 2559 κορωνῶν]
1065 2475 1144 2539 Leo·

107 2578 222 2660 illm:
248 2594 312 2660 τοῖς
333 2593 462 2660 νιοσσοῖς
483 2590 546 2652 τῶν
568 2591 724 2671 κορωνῶν,
748 2584 788 2648 ab
807 2583 990 2649 lloeschelio
1009 2607 1045 2648 ex
1064 2583 1143 2656 (lod.

109 2686 172 2787 lup.
199 2696 361 2776 additam,
395 2709 426 2762 et
457 2719 474 2760 a
502 2696 604 2761 Pierio
632 2697 664 2760 in
684 2696 745 2761 alio
764 2717 888 2784 quoque
906 2694 1014 2760 codiee
1031 2696 1144 2763 inven-

107 2813 157 2872 tus
175 2809 237 2898 (of.
267 2811 333 2898 ejus
358 2807 514 2899 Hoerogl.
546 2808 618 2876 Lib.
640 2808 710 2875 XX.
734 2831 803 2897 esp.
827 2808 893 2895 19.)
924 2809 1144 2895 confirmarunt

107 2913 190 2990 ibid.
218 2922 329 2989 Puriss.
348 2921 393 3000 A,
416 2922 454 2988 B.
502 2920 549 2986 lte
567 2910 845 3010 Pauwslegendum
870 2922 1054 3009 suspicatur:
1080 2916 1144 2991 τῶν

107 3030 284 3121 tlepobseos,
303 3033 345 3099 ob
359 3033 461 3098 looum
477 3033 643 3123 praecipue
659 3033 753 3098 Plinii
768 3032 808 3096 de
822 3031 916 3100 uest.
932 3032 1013 3100 Nat.
1030 3033 1069 3101 X.
1088 3039 1143 3103 74.

105 3139 234 3215 dentis:
271 3144 451 3212 odissident
479 3144 576 3210 olores
604 3157 635 3211 et
663 3144 801 3233 aquilae,
825 3166 932 3210 corsus
955 3157 986 3210 et
1004 3144 1141 3224 chlorio,
1199 3140 1203 3146 ’

107 3272 214 3327 unoetu
241 3258 460 3325 inrioem'ovn
488 3258 728 3346 exquirentes;''
764 3257 819 3324 ubi
846 3279 970 3343 eorsum
999 3256 1143 3344 intelligit

105 3384 287 3440 noettnnum.
312 3369 376 3438 Sed
389 3369 558 3459 mutatione
565 3393 634 3437 non
651 3394 727 3459 opus
745 3369 884 3447 ridetur,
901 3389 997 3456 quum
1014 3366 1142 3436 Aristot.

104 3481 244 3551 duest.
263 3481 375 3552 Aesim.
396 3484 454 3551 lX.
476 3506 544 3572 cup.
567 3485 597 3550 1.
618 3505 689 3571 pag.
713 3486 786 3548 411.
808 3481 848 3547 A.
867 3480 904 3547 Β.
923 3491 1044 3558 narret,
1068 3501 1143 3544 uoc-

86 3605 174 3662 tun
200 3609 233 3663 et
261 3596 418 3663 eomieem
444 3597 525 3662 inter
544 3618 575 3661 se
595 3593 765 3673 dissidere,
788 3591 868 3657 hane
887 3591 968 3656 enitn
988 3591 1070 3657 illius
1088 3608 1159 3658 ora·¹

99 3701 256 3790 interdiu,
278 3708 364 3774 illem
388 3730 461 3774 vero
487 3721 581 3774 noctu
608 3707 738 3771 cornicis
768 3701 948 3783 comedere,
977 3704 1044 3769 risu
1076 3716 1143 3770 turn

96 3841 150 3887 non
174 3820 267 3887 adeo·
282 3820 428 3901 talentis3
460 3821 510 3889 off.
536 3833 567 3885 et
586 3819 707 3884 delion.
728 3817 768 3882 de
784 3815 1140 3896 Nat.Antm.111.·9,

94 3931 126 4005 V.
150 3939 213 4011 48.
256 3933 403 4024 Antigon.
440 3930 558 4021 Garyst.
591 3954 659 4020 cap.
691 3934 745 3997 62.
783 3928 871 3994 Phile
905 3926 1017 4024 (loun.¹
1041 3920 1140 3996 XXX.
1223 3982 1227 3990 .

88 4069 129 4119 ss.
149 4052 208 4118 38.
225 4059 259 4114 et
277 4030 394 4113 Plinius
415 4045 524 4112 eodem
545 4046 596 4110 illo
616 4066 683 4131 cap.
705 4047 758 4109 74.

1011 4154 1052 4216 28
