2498 4814
107 349 169 411 200
483 339 724 410 susurrum
750 357 793 406 su

106 541 189 612 med.
210 565 280 633 pag.
303 549 357 611 34.
384 543 532 611 Wcssel.
558 556 589 609 ct
614 566 633 607 a
662 539 760 609 Glem.
791 540 878 609 Alex.
907 535 1032 607 Strom.
1051 539 1099 610 vl.
1116 545 1137 608 4.

107 680 177 746 pag.
197 661 273 723 758.
295 655 427 721 ΡοίίιννιΙ
435 678 446 732 ,·
471 654 521 723 off.
541 654 634 719 etiam
653 653 839 744 Porphyrius
857 651 898 717 ds
911 651 1041 721 Auses
1057 653 1139 723 IV.8.

109 767 247 856 cuperus
273 767 305 833 in
333 767 504 856 Harpocr.
533 789 604 856 pag.
636 770 711 833 130.
761 763 893 831 Gremer
921 764 962 831 de
989 763 1091 853 Srynrd.
1118 775 1140 831 at

111 878 253 966 Mytlrol.
277 878 355 948 Vct.
389 880 476 945 Tom.
506 877 534 948 Ι.
563 903 634 969 pag.
655 884 731 946 247.
761 889 833 942 uota
854 880 907 946 10.
952 877 1142 945 Jablonskiiu

109 991 233 1059 Paullo.
253 991 338 1082 Aeg.
364 991 436 1059 Lib.
455 991 499 1059 11.
519 1014 587 1080 cap.
609 994 642 1060 2.
662 995 691 1078 S.
713 994 744 1057 4.
791 988 886 1079 Apud
902 988 1141 1055 Plutarchnmdc

110 1101 161 1173 Is.
182 1114 213 1169 et
231 1102 287 1171 Os.
312 1126 382 1193 cap.
402 1108 434 1172 3.
452 1127 523 1193 pag.
540 1108 616 1171 352.
637 1104 674 1171 B.
697 1101 841 1168 dicuutur
858 1104 1016 1187 ἱεροφόροι.
1028 1139 1067 1150 -
1081 1099 1140 1168 tas-

93 1206 210 1282 ⁴terum
237 1216 403 1305 Horapolio
421 1227 493 1280 ante
520 1216 624 1309 oculos
646 1214 788 1281 habuisse
805 1211 928 1280 ridetur
949 1211 1141 1302 hieroglyphi-

109 1349 201 1409 cum,
226 1350 288 1415 quo
315 1350 351 1392 er
379 1326 519 1393 doctrina
543 1325 805 1416 champollionia,
830 1327 931 1414 ipsum
959 1324 1038 1390 illud
1054 1325 1139 1391 aas·

109 1441 175 1505 lum
191 1429 364 1506 iudicatum
383 1439 460 1520 fuit;
487 1440 529 1508 cf.
548 1440 613 1527 ejus
631 1439 732 1527 operis
749 1437 789 1503 de
803 1437 963 1527 Hierogl.
981 1435 1022 1501 V
1019 1447 1059 1506 et.
1072 1436 1135 1528 Ag.

108 1551 173 1621 tab.
192 1573 270 1641 gen.
285 1575 318 1618 u.
344 1554 420 1619 293.
444 1551 509 1627 ub.
532 1563 627 1617 nostr.
651 1562 697 1618 n⁰.
720 1554 773 1617 48.

533 1749 637 1796 CAPUT
661 1748 738 1797 xnn.

152 1885 358 1974 ‘uocassent
389 1883 571 1972 Ὡροσνόπος
587 1898 632 1953 est
647 1909 682 1953 er
701 1907 808 1953 eorum
825 1882 1020 1951 sacerdotum
1037 1887 1135 1972 segg

109 1999 222 2066 tiorum
240 2020 391 2077 numero,
417 1998 472 2085 qui
490 1998 695 2064 astronomiae
713 1997 870 2087 inprimis
888 2020 1015 2087 operam
1034 1996 1133 2061 dabam.

109 2109 160 2179 Gi.
190 2107 287 2177 (ilem.
317 2110 420 2176 Alex..
434 2107 557 2177 Strom.
590 2110 679 2190 loeo,
714 2132 807 2198 (prem
834 2132 926 2199 supra
951 2108 1133 2187 laudavimus.

108 2224 164 2289 ubi
182 2222 272 2288 docet
290 2207 330 2285 ud
348 2243 454 2287 eorum
473 2222 603 2311 insignia
617 2221 799 2311 pertinuisse
820 2223 985 2306 ussurus
1011 2224 1061 2287 sut
1084 2217 1135 2302 goi·

105 2361 197 2415 νινα,
220 2355 333 2422 eosque
360 2333 496 2399 ediscere
523 2332 664 2400 debuisse
689 2348 819 2423 quatuor
837 2333 933 2401 libros
950 2332 1132 2401 Hermetisos:

104 2450 242 2530 ripis,
265 2483 311 2496 -·
337 2449 404 2532 περὶ
432 2453 484 2513 τοῦ
512 2447 675 2531 druso'pgoo
705 2452 767 2512 τῶν
793 2445 943 2513 ἀπλανῶν
970 2444 1134 2530 φαινομένων
1175 2457 1177 2469 “

105 2565 233 2644 ἄστρων·
253 2563 288 2624 τὸ
317 2558 368 2636 δὲ,
391 2560 459 2641 περὶ
485 2561 547 2624 τῶν
574 2559 710 2624 συνόδων
737 2560 788 2621 καὶ
815 2562 977 2640 φωτισμῶν
1003 2558 1083 2641 ἡλίου
1097 2551 1132 2618 rai

105 2671 239 2753 σελήνης·
260 2673 294 2734 τὸ
314 2669 347 2734 δὲ
369 2669 493 2748 λοιπὸν,
518 2671 585 2752 περὶ
605 2674 668 2736 τῶν
688 2669 857 2735 ἀνατολῶν.
897 2668 993 2758 Apud
1008 2665 1130 2757 Porphyr·

107 2781 147 2846 de
159 2780 288 2847 Abaton.
310 2780 366 2846 lv.
386 2758 427 2866 §.¹
439 2786 471 2861 8,
491 2781 571 2857 fine,
592 2779 737 2844 dicuntur
756 2780 908 2861 ώρολόγοι.

149 2895 251 2974 ἐπειδὴ
284 2896 317 2955 αἱ
353 2896 461 2977 τροφαὶ
490 2900 552 2967 τοῖς
579 2897 755 2976 ἀνθρώποις
781 2894 841 2956 oirrd
867 2892 929 2960 τῶν
957 2897 1042 2978 ὡρῶν
1067 2886 1132 2970 πορί-

104 3002 221 3089 ζονται]
272 3002 396 3069 Trebat.
435 3002 531 3088 Quod
555 3006 591 3066 iu
616 3003 716 3068 dorus
737 3003 881 3068 homines
898 3005 1004 3069 cibum
1014 3003 1130 3095 preirent,¹

103 3108 180 3201 ὧραι
213 3117 338 3182 fortasse
367 3138 489 3205 quoque
516 3117 648 3205 intelligi
673 3130 798 3204 possunt
824 3120 908 3181 meni
934 3121 1129 3208 tempestates,

105 3255 234 3322 quarum
254 3229 476 3296 vicissitudines
494 3230 595 3319 fruges
615 3230 761 3310 afferunt,
778 3229 820 3295 ita
835 3243 870 3296 ut
888 3252 991 3297 sensus
1010 3231 1061 3297 sit:
1076 3243 1130 3315 440

103 3349 195 3410 stium
208 3347 440 3410 nutrimentum
455 3344 636 3407 hominibus
650 3344 691 3407 ub
706 3345 789 3406 ursrzz'
803 3345 1046 3433 tempestatibus
1051 3353 1129 3433 prat

103 3459 226 3526 beatur.
245 3494 289 3507 -
311 3455 475 3522 Caeterum
493 3478 554 3520 non
574 3454 760 3520 crediderim
779 3454 930 3544 ejusmodi
948 3444 1132 3544 hieroglyphi·

103 3589 173 3633 oum
192 3569 225 3633 in
243 3569 448 3635 monumentis
469 3568 666 3658 Aegyptiacis
684 3569 843 3634 inventum
863 3569 914 3637 iri.

520 3767 624 3814 CAPUT
648 3767 738 3817 XLIII.

144 3904 309 3990 Ἀγνείαν]
358 3906 483 3974 Trebat.
509 3927 632 3994 quoque
660 3906 692 3970 iu
720 3927 773 3970 suo
804 3903 881 3970 cod.
904 3897 1034 3984 emtas
1060 3899 1135 3990 legit:

101 4038 172 4081 uem
190 4015 281 4081 vertit
300 4020 546 4108 ignorantiam·
570 4030 728 4106 praeterea
745 4018 778 4082 in
797 4040 883 4106 seqq.
903 4039 961 4106 pro
981 4017 1140 4100 sataguit,
