2498 4814
126 137 189 201 224
500 124 742 195 lnuorlrao
766 142 809 194 ln

124 333 190 401 tab.
212 335 244 398 3.
265 337 334 408 ter,
357 327 412 393 nbi
436 328 519 395 hano
535 329 638 395 locum
656 327 864 418 llorapollinis
881 326 991 408 rertit,
1016 327 1126 395 faeere
1141 330 1188 397 ri·

124 445 215 512 detur
233 463 304 508 enm
322 440 515 520 Jablomlrio‚
535 448 640 508 Νοῦν
658 438 700 505 ad
715 439 836 509 Νείλου
851 442 1004 529 ἀνάβασιν
1017 441 1188 511 referente.

123 554 213 644 Quod
231 567 335 620 autem
353 553 523 641 Hesychius
541 573 647 617 rocem
665 558 753 626 Νοῦς
771 551 991 640 interpretatu·
1005 558 1115 641 ψοχι),Ι
1129 578 1190 623 πο-

121 672 234 753 ταμός,
265 670 377 750 μονὰς,
408 688 470 732 non
498 664 590 729 nimie
617 664 675 728 erit
701 662 874 753 urgendum
885 712 895 743 ,
930 685 1029 751 qnam
1056 664 1187 731 femmae

122 802 184 847 non
215 776 386 844 distinxerit
413 778 651 866 appellationem
679 775 816 841 fluminio
842 773 1054 856 ordinariam,
1079 776 1122 843 al)
1148 799 1185 842 ea

121 914 183 983 qna
201 889 397 958 indicabatur
418 901 555 979 tempore
574 887 766 954 incrementi.

164 1005 267 1087 ἐπειδὴ
288 1008 306 1069 o‘
327 1002 410 1085 ἣλιος
432 1006 473 1077 ai,-
494 1002 604 1069 λέοντα
626 1006 787 1082 γενόμενος
805 998 934 1067 πλείονα
954 1005 1012 1083 τὴν
1026 1002 1184 1091 ἀνάβασιν

117 1122 171 1182 τοῦ
193 1114 313 1183 Νείλου
333 1114 478 1199 ποιεῖται]
522 1110 580 1180 Off.
600 1110 757 1178 Plutarch.
778 1111 820 1177 de
836 1110 886 1179 Ia.
906 1119 939 1176 et
957 1109 1015 1180 08.
1037 1117 1178 1203 napdd,

118 1228 161 1295 in.
187 1249 257 1317 pag.
277 1229 352 1292 366.
370 1222 408 1291 l.
442 1219 559 1289 Plinius
578 1223 769 1292 Bisaltae.
790 1222 830 1290 V.
850 1227 889 1303 9,
905 1222 990 1292 med.
1007 1236 1043 1291 et
1059 1222 1178 1291 XFlll.

64 1364 67 1369 ’
120 1340 183 1419 18,
206 1338 250 1405 in.
299 1334 389 1422 Quod
417 1334 532 1400 habent
562 1333 661 1404 codd.
686 1334 846 1414 nonnulli,
870 1334 972 1402 λέοντι
999 1340 1181 1421 γενόμενος,

117 1449 192 1516 ferri
218 1462 340 1538 posset,
364 1449 390 1512 oi
416 1470 473 1536 pro
501 1453 660 1527 γενόμενος
687 1448 840 1536 legeretur
872 1454 1112 1530 ονγγενόμενο,,
1146 1461 1180 1514 ut

117 1574 201 1627 reate
229 1558 508 1626 animadvertam
536 1559 647 1626 Pauo.
674 1559 718 1624 sio
736 1559 769 1623 in
786 1580 895 1638 versu,
920 1580 1014 1647 quem
1042 1557 1179 1626 laudarit

117 1671 273 1739 Plutarch.
298 1672 320 1738 l.
345 1694 374 1738 ο.

65 1792 68 1799 “
192 1835 197 1845 ,
282 1832 286 1839 ,
339 1780 456 1835 Halon
473 1784 621 1854 ὀὰὸνταπρ
604 1798 699 1836 ⁰
656 1786 840 1853 (11βῖ
827 1785 956 1839 attam.

117 1890 165 1965 Ile
182 1920 239 1964 usn
257 1919 441 1986 praepos.
419 1902 460 1972 εἲς
477 1921 534 1987 pro
552 1903 586 1965 ἐν
606 1895 790 1964 adnotarunt
807 1896 918 2006 Taylor
934 1896 976 1962 ad
990 1897 1066 1984 Lyn.
1078 1895 1175 1989 Epir.

115 2012 153 2076 F.
175 2016 206 2077 5.
230 2032 300 2098 pag.
322 2014 376 2076 72.
409 2009 559 2075 Villoisou
578 2009 618 2074 ad
637 2010 735 2100 Long.
755 2009 817 2077 lll.
841 2032 913 2099 pag.
935 2009 1010 2076 175.
1045 2009 1177 2076 Palairet

28 2195 34 2205 ‚
120 2119 289 2188 observat.
317 2119 456 2185 Bernard
483 2119 523 2185 ad
549 2122 653 2190 Noun.
684 2122 720 2188 T.
741 2121 769 2190 l.
791 2144 863 2211 pag.
883 2124 937 2187 20.
963 2094 1003 2185 de
1023 2120 1123 2187 Panw
1138 2119 1176 2186 ad

116 2232 226 2300 Philen
245 2257 316 2323 pag.
339 2238 370 2302 4.
404 2233 531 2301 Wakef.
553 2231 638 2302 Silo.
660 2234 762 2302 T.11.
787 2219 864 2324 pag.¹
882 2236 956 2300 132.
996 2231 1172 2323 Schweiglr.

114 2344 155 2410 ad
173 2343 290 2412 Herod.
307 2343 335 2412 I.
355 2348 409 2412 21.
444 2368 519 2433 qnos
543 2367 647 2411 omnes
667 2344 804 2410 laudarit
821 2344 1008 2411 Boieaonade
1025 2344 1067 2410 ad
1083 2345 1173 2413 Nine-

116 2474 179 2528 tam
200 2460 414 2549 Eugenianum
433 2458 477 2525 ΙΙ.
503 2483 572 2548 pag.
597 2463 676 2539 132,
704 2462 778 2525 133.
798 2496 845 2509 -
866 2456 946 2527 dod.
965 2457 1091 2526 llorell.
1114 2458 1173 2522 lec·

116 2572 175 2640 tio:
212 2572 339 2638 πλείονα
366 2577 422 2653 τὴν
453 2573 604 2657 ἀνάβασιν
628 2579 759 2636 ποιεῖται
786 2576 838 2636 τοῦ
868 2574 961 2651 θεοῦ,
1000 2571 1061 2636 etsi
1085 2569 1174 2636 Nilne

115 2696 198 2748 reete
217 2682 453 2761 detondeatur,
478 2696 580 2747 tamen
596 2680 677 2756 lanio
697 2681 765 2747 loeo
783 2681 887 2747 minus
906 2682 1072 2748 convenire
1090 2681 1172 2747 ride·

116 2808 188 2873 tur,
218 2807 311 2883 atque
336 2794 526 2882 reliquorum
554 2794 736 2859 auctoritate
761 2795 963 2884 inprobatur;
999 2815 1088 2860 error
1113 2795 1173 2861 for-

115 2921 191 2975 tasse
220 2920 303 2972 ortus
330 2930 365 2971 er
392 2906 476 2972 varia
501 2906 737 2996 lectione,⁸qua
761 2908 794 2971 in
811 2907 849 2973 iis
868 2930 946 2996 quae
965 2907 1108 2996 proxime
1125 2928 1172 2974 ae-

115 3032 269 3110 quuntur,
294 3041 370 3108 pro:
397 3018 469 3093 ὥςτε
498 3020 633 3102 ἐμμένων
656 3026 698 3105 τῷ
727 3021 825 3103 Cadio)
848 3027 962 3103 τούοῳ,
982 3017 1103 3085 lentum
1126 3019 1173 3085 fn·

114 3132 189 3201 erit:
215 3134 288 3207 ῶςτε
312 3119 491 3213 ἐμμένοντος
510 3137 561 3196 τοῦ
584 3131 689 3214 ἡλίου,
713 3131 760 3195 rel
781 3138 833 3196 τοῦ
856 3138 939 3196 θεοῦ.
973 3129 1077 3199 Illud:
1103 3132 1175 3207 ὥςτε

113 3246 294 3326 ἐμμένοντος
313 3248 365 3309 τοῦ
389 3242 478 3324 ἡλίου
501 3248 544 3327 τῷ
566 3243 664 3325 indiga
684 3249 798 3326 τούτῳ,
831 3240 949 3307 habent
969 3239 1072 3311 Godd.
1095 3244 1174 3333 lug.

115 3353 210 3421 Paris.
243 3353 278 3421 0.
310 3367 340 3419 et
368 3352 449 3419 Edd.
487 3376 611 3434 omnes3
647 3365 782 3421 attamen
813 3354 912 3421 secuti
939 3377 1045 3421 sumus
1073 3353 1173 3421 Godd.

116 3464 225 3529 Pariss.
247 3464 286 3544 l,
298 3466 336 3532 B.
359 3465 545 3553 quibuscum
564 3466 665 3530 faeere
683 3464 804 3531 ridetur
824 3464 1173 3543 cod.l101ell.,hahens

117 3575 256 3658 ἐμμένον.
281 3575 433 3658 Alterum,
451 3581 632 3661 ἐμμένοντος
649 3577 851 3643 tribuendum
871 3579 997 3646 fortasse
1015 3582 1164 3669 glossator

72 3747 81 3765 ,
115 3684 251 3766 auidam,
267 3688 490 3754 nominativum
505 3689 643 3754 absolute
661 3691 795 3779 positum
814 3692 856 3756 ita
873 3692 1027 3782 explicare
1046 3695 1159 3761 rolent‘

19 3842 23 3851 1
118 3791 167 3863 (tf.
188 3795 373 3871 Boissonade
394 3799 433 3864 ad
456 3802 598 3868 Nioetam
623 3802 741 3891 Eugen.
766 3800 810 3870 ll.
837 3826 908 3893 pag.
934 3808 987 3870 97.
1016 3808 1071 3872 98.
