2484 4806
109 319 172 382 324
483 303 734 378 sertorfflo
761 325 813 372 an

112 529 176 582 tem
195 492 345 578 inlericis
367 533 451 585 mua
475 521 506 575 et
529 533 684 585 aerumna
706 513 828 575 viram
848 505 1037 596 significent,
1050 531 1109 578 ua

110 625 191 715 logia
210 630 343 687 mortem
360 643 484 710 quoque
508 645 589 697 uo‘s
612 633 644 686 ct
666 606 840 697 rar'sruou·
867 615 988 683 dictam
1004 619 1107 687 iussu

107 735 196 824 jieit3
224 735 336 825 quibus
364 733 490 800 vocibus
517 731 694 815 abeodem
721 731 846 810 litera,
882 755 928 818 x,
952 730 1104 820 insipient·

112 847 296 937 aerologiam
323 845 467 913 constitui
494 857 594 934 putat.
640 843 764 911 Eadem
797 843 938 909 ratione
961 845 1043 909 atas
1105 928 1108 933 Ι

111 966 222 1024 adrem
248 958 417 1049 designasse
446 970 533 1048 putat
545 1007 555 1038 ,
579 956 727 1047 quoniam
752 955 811 1021 hic
845 954 1033 1045 Aegyptiis,
1051 953 1110 1023 dm

110 1069 273 1151 Sabidius,
297 1096 404 1143 rator
428 1069 568 1155 dicatur,
591 1090 666 1135 voce
688 1068 767 1135 item
791 1091 815 1132 a
842 1092 872 1135 ἰ-
897 1066 1065 1157 incipiente.
1143 1120 1146 1125 .

159 1178 312 1270 Seyffertli
344 1184 376 1250 in
400 1183 460 1272 ΟΡ.
480 1183 534 1251 cit.
563 1204 634 1272 pag.
659 1183 734 1249 181.
759 1183 929 1269 laqueum
956 1180 1048 1247 aliurn
1103 1184 1108 1196 '
1146 1162 1149 1172 ’

103 1294 239 1383 serum,
263 1294 303 1361 ad
326 1296 495 1364 Saturnum
522 1307 554 1360 et
575 1294 729 1374 Martem,
753 1292 863 1358 elium
888 1296 1041 1373 amoris,
1057 1291 1113 1357 at

114 1427 222 1472 nerem
240 1408 289 1473 rel
306 1407 427 1475 Lunam
445 1407 582 1497 planetas
604 1406 710 1475 refert.

37 1572 40 1579 .
115 1602 118 1609 Ι
231 1570 234 1575 .
528 1537 632 1585 carur
656 1533 758 1584 xxm.
1145 1580 1149 1597 .

156 1635 255 1711 Λόγοι
276 1635 329 1697 καὶ
350 1630 463 1717 φύλα]
503 1630 620 1696 Pierius
634 1629 794 1720 Iliorcgl.
812 1627 961 1697 XLVII.
981 1651 1048 1720 cap.
1062 1630 1116 1697 ili

115 1740 226 1830 telligit
253 1742 424 1832 descripto
442 1743 557 1831 solia,
581 1740 726 1832 quoniam
754 1740 944 1830 antiquitus
974 1742 1008 1808 in
1017 1743 1093 1831 foliis

116 1852 320 1944 quarumdam
347 1855 491 1920 arborum
510 1854 676 1920 corticibus
702 1854 862 1944 scriptum
891 1855 1012 1941 fuerit3
1035 1854 1113 1944 atqu'

115 1966 217 2051 oolla
235 1967 335 2057 accipi
352 1969 469 2058 possint
488 1966 527 2032 de
537 1990 674 2058 papyro
684 2015 694 2046 ,
716 1988 773 2056 per
792 1988 901 2055 quem
920 1971 1082 2057 antimus·
1110 1968 1114 1979 '

112 2082 227 2170 gisem
251 2078 384 2145 indicari
406 2080 574 2169 Horapollo
598 2077 743 2145 docuerat
766 2101 868 2173 supra
880 2128 892 2159 ‚
917 2079 950 2149 Ι.
977 2103 1044 2171 cap.
1063 2085 1098 2147 3⁰.

165 2190 318 2279 Illaproth
350 2190 411 2280 ΟΡ.
446 2191 500 2260 cit.
533 2191 593 2280 ΕΡ.
626 2189 653 2259 I.
687 2212 757 2279 pag.
783 2173 843 2257 '21.
881 2191 1056 2266 »most
1077 2190 1122 2281 inp'

118 2325 140 2365 »
151 2299 280 2391 Coptice
297 2302 448 2391 significat
467 2306 625 2392 temporis
647 2302 861 2385 durationem
871 2326 886 2382 ,·
907 2327 979 2389 ror,
995 2328 1033 2371 ea
1045 2303 1123 2394 inn'pii

120 2436 198 2502 ux,
222 2413 330 2479 eadem
350 2414 500 2480 rationem
517 2438 553 2480 ac
577 2418 733 2488 raucum
756 2415 917 2497 vermem,
939 2439 1064 2498 senno,
1077 2438 1123 2493 rm

109 2527 255 2616 folium,
280 2538 312 2592 et
334 2550 427 2600 xuru
451 2526 546 2593 liber.

529 2665 633 2711 carur
657 2664 769 2712 xxvm.

162 2761 235 2833 Πῶς
257 2758 459 2845 relinquiae]
500 2756 573 2824 Ald.
593 2758 690 2824 Mero.
711 2771 743 2823 et
760 2756 908 2829 Pierius:
950 2767 1032 2840 Πῶς
1043 2769 1130 2830 noui}

114 2868 264 2955 leopatus.
288 2891 345 2957 pro
375 2892 436 2957 quo
453 2868 549 2937 Mero.
574 2869 715 2957 corrigit:
749 2872 824 2943 Πῶς
850 2876 984 2939 ποιοῦσι
1008 2871 1132 2956 estut

117 2976 180 3044 Sed
206 2977 328 3043 ridetur
356 3002 440 3044 error
468 2993 551 3045 ortus
576 2978 825 3069 exsequentium
854 2980 1034 3049 literarum
1052 2981 1133 3049 simili

117 3089 213 3169 dine,
239 3102 364 3178 totaque
392 3114 448 3156 ror
471 3091 661 3172 omittenda;
687 3090 873 3180 praesertim
898 3117 1006 3182 quum
1025 3091 1136 3160 nnlod

118 3202 225 3271 codice
236 3202 452 3283 confirmetur,
471 3226 572 3293 neque
589 3228 605 3268 a
622 3203 767 3270 Trebatio
782 3202 918 3270 inventa
936 3207 1036 3275 fuisse
1044 3206 1089 3273 rid
1132 3250 1137 3264 ·

158 3315 283 3398 Κλίμαξ
303 3351 349 3366 -
370 3314 562 3402 πολιορκίαν]
604 3313 648 3379 vln
676 3313 805 3404 picturis
833 3314 1003 3385 bellorum
1032 3315 1140 3407 ampl*

116 3426 263 3516 Aegypti,
274 3439 379 3491 contra
398 3425 787 3517 aliospopulosgestorum,
800 3430 995 3517 saepissime
1014 3432 1142 3498 ertum

117 3517 241 3628 quoquc
270 3538 396 3604 urbium
413 3539 580 3621 aliorumve
598 3541 735 3606 locorum
753 3540 963 3609 munitorum
985 3543 1144 3637 oppugnatio·

116 3672 189 3730 nes,
213 3651 387 3741 militesque
416 3653 520 3717 scalis
548 3652 581 3717 in
608 3674 711 3718 muros
730 3651 980 3728 adscendentes.
1029 3653 1146 3724 Verani

118 3761 354 3851 incriptionihus
374 3762 636 3853 hieroglyphicis,
661 3762 744 3853 quod
773 3763 897 3846 sciam,
926 3775 1030 3837 scala
1056 3766 1148 3836 nonir·

118 3874 250 3941 venitur.
274 3915 319 3925 —
342 3875 401 3941 Pro
428 3878 496 3958 διὰ,
521 3875 559 3941 de
577 3878 672 3942 Pauw
691 3887 774 3941 recte
793 3879 963 3966 conjicere
983 3880 1152 3951 rideturtui

116 3991 151 4055 τὸ
172 3988 349 4073 ἀνώμαλον.
372 3989 518 4077 quoniam
537 3991 674 4081 alioquin
697 3988 775 4053 ratio
799 3988 840 4056 sit
866 3992 997 4085 inepta,
